2930 4644
261 384 326 467 ras
595 374 979 444 constanciam

260 531 310 607 (ea
322 538 366 584 est
377 522 430 582 lib.
441 521 484 595 ll,
497 519 583 602 epist.
601 522 665 598 18),
677 539 761 579 anno
776 537 996 579 uonocxxxvnr
1007 517 1089 602 (lege
1101 521 1335 597 ucoucmsn)

259 618 413 698 scriptam.
429 612 498 670 Non
510 608 564 669 diu
578 621 684 670 tamen
701 621 770 691 post
782 629 856 668 eum
867 629 988 669 annum
1004 608 1189 692 superfuisse
1202 629 1239 669 ex
1254 609 1328 692 ipsa
1344 639 1354 651 ·

259 705 366 768 eadem
377 698 503 785 epistola
516 711 613 781 patet,
627 699 659 758 in
673 719 735 779 qua
747 700 792 756 vir
800 697 960 779 decrepitus
971 711 1110 773 vocatur,
1122 717 1222 779 quum
1234 717 1329 756 mor·

258 811 330 866 tuus
347 792 441 852 fuisse
457 789 579 849 dicatur
598 808 683 848 anno
703 789 801 848 aetatis
823 807 931 848 xxxxii.
949 787 1108 870 Quidquid
1126 788 1178 862 sit,
1197 808 1234 847 ex
1253 787 1326 869 ipsa

257 884 363 967 Poggii
380 895 458 942 orat.
477 881 509 940 iu
525 878 635 938 funere
650 877 770 938 Nicolai
785 876 898 952 Nicoli,
916 898 986 960 pag.
1007 877 1062 938 103
1079 889 1215 951 constat,
1235 896 1327 936 mon·

257 989 348 1036 tuum
367 991 429 1032 esse
446 967 592 1044 Nicoluru¹
603 966 725 1025 vivente
740 962 843 1024 adhuc
857 962 1020 1024 Leonardo
1035 965 1161 1024 Aretino
1172 962 1326 1044 aliisque,

258 1086 337 1149 quos
352 1061 521 1122 verborum
538 1077 668 1117 suorum
685 1069 774 1116 testes
792 1053 909 1114 laudat.
930 1051 1176 1114 Bartholomaeus
1194 1067 1324 1128 autem,

257 1176 321 1238 quo
340 1147 453 1230 collega
465 1159 492 1207 et
503 1141 633 1228 adjmore
648 1142 757 1202 Silium
775 1143 940 1204 inventum
958 1141 1032 1203 dicit
1050 1143 1208 1204 Guarinus
1220 1142 1324 1202 Vero·

256 1243 359 1307 nensis
380 1241 414 1299 iu
434 1237 543 1318 saepius
564 1246 736 1293 memorata
758 1232 902 1314 epistola,
923 1232 1040 1292 amicus
1059 1232 1166 1313 Poggii
1184 1229 1263 1302 fuit,
1287 1231 1321 1288 in

257 1332 344 1416 cujus
362 1325 480 1408 scriptis
498 1322 608 1404 saepius
624 1332 831 1395 memoratur,
850 1342 935 1381 nunc
948 1321 1006 1381 sub
1021 1321 1149 1380 nomine
1160 1317 1321 1380 Bartholo-

256 1424 322 1484 mat
338 1419 373 1480 de
385 1429 480 1477 monte
492 1411 667 1486 Pollitiono,
685 1432 770 1472 nunc
786 1410 821 1471 dc
835 1425 933 1472 monte
945 1407 1110 1485 Peliciono,
1129 1429 1214 1469 nuuc
1228 1408 1321 1468 deni-

256 1534 318 1596 que
337 1509 372 1570 cle
392 1517 491 1567 oronte
510 1500 682 1575 Puliciano,·
704 1522 804 1582 neque
822 1501 900 1560 alius
922 1515 966 1560 est
988 1499 1028 1560 ab
1052 1499 1120 1575 illo,
1138 1520 1232 1580 quem
1252 1498 1322 1558 Silii

257 1600 410 1670 codicem,
426 1591 511 1652 unde
526 1589 643 1674 reliqua
661 1589 725 1674 ejus
740 1603 836 1672 poetae
856 1609 911 1672 per
925 1588 1047 1650 ltaliam
1061 1587 1247 1670 exemplaria
1267 1585 1320 1646 de·

257 1689 368 1770 scripta
392 1694 479 1756 sunt,
501 1679 669 1763 possedisse
689 1680 894 1760 cognovimus
917 1699 954 1739 ex
975 1679 1086 1738 Franc.
1111 1674 1236 1752 Filelfo,
1264 1674 1319 1735 lib.

256 1781 344 1853 XVI,
362 1776 447 1859 epist.
470 1769 522 1847 14:
544 1797 558 1827 a
569 1771 683 1846 Velim,
698 1791 794 1852 quam
812 1769 1043 1851 diligentissime
1060 1768 1212 1842 odoreris,
1231 1767 1319 1850 apud

256 1886 351 1949 quem
369 1862 540 1944 hospitetur
561 1859 611 1920 ille
632 1859 724 1920 codex
746 1853 810 1917 Silii
827 1857 926 1918 ltalici
949 1871 1058 1940 poetae,
1077 1877 1170 1938 quem
1190 1856 1319 1916 Antonii

256 1951 426 2014 Barbadori
438 1961 538 2030 pater,
553 1967 615 2027 quo
631 1960 770 2029 tempore
782 1947 815 2007 in
827 1958 939 2012 monte,
947 1944 1129 2006 Publiciana
1146 1957 1318 2026 praeturam

257 2043 361 2126 gessit,
375 2061 410 2100 ex
425 2037 517 2098 bouis
534 2035 592 2096 illis
605 2036 821 2097 Bartholomoei
834 2049 966 2097 venatus
981 2049 1041 2111 est,
1055 2056 1148 2117 quem
1161 2035 1319 2094 Martinus

259 2127 403 2192 Pontifex
418 2126 570 2187 Maximus
590 2124 727 2205 primum
748 2126 943 2186 secretarium
962 2121 1080 2184 habuit.
1099 2124 1178 2184 Nam
1199 2123 1320 2184 codices

258 2241 383 2296 omnes,
407 2229 565 2302 quotquot
588 2213 642 2275 illo
664 2217 832 2299 exemplari
855 2217 995 2299 exscripti
1019 2229 1109 2288 suut,
1132 2214 1318 2297 depravatos

257 2323 478 2393 corruptusque
493 2307 651 2367 invenio-a
665 2309 725 2366 Per
739 2309 890 2390 Poggium
904 2308 1008 2389 itaque
1019 2305 1080 2367 hoc
1093 2305 1186 2367 modo
1202 2307 1275 2367 vitae
1289 2321 1318 2368 et

257 2401 320 2462 luci
332 2399 489 2459 restitutus
501 2393 590 2454 Silius
605 2393 732 2454 edoctis
747 2415 862 2477 magno
876 2394 1027 2478 applausu
1041 2407 1197 2476 exceptus,
1211 2407 1240 2453 et
1249 2393 1316 2476 jem

257 2489 314 2550 sub
339 2489 410 2570 ipsis
434 2487 567 2546 inventae
590 2484 663 2544 artis
687 2482 919 2566 typographica
942 2483 1036 2544 initiis
1059 2483 1168 2566 saepius
1193 2483 1317 2558 Romu,

258 2581 377 2640 Parmae
396 2599 432 2637 ac
454 2573 622 2634 Mediolani
639 2594 764 2634 excusus
785 2587 838 2634 est.
856 2573 912 2634 Sed
934 2595 1032 2655 quum
1049 2573 1163 2656 partim
1177 2570 1318 2634 librario-

258 2689 329 2728 rum
351 2665 522 2727 scribarum
541 2661 708 2743 imperitia,
727 2662 841 2743 partim
865 2681 1030 2744 operarum
1050 2675 1143 2742 atque
1160 2659 1317 2721 editorum

259 2758 446 2842 negligentia
457 2753 650 2816 deformatus
662 2751 738 2813 adeo
754 2774 789 2812 ac
803 2767 966 2836 cormptus
979 2748 1241 2826 circumfertetur,
1255 2767 1317 2812 uta

258 2849 383 2910 nemine
401 2845 464 2906 lere
484 2845 625 2926 agnosci,
640 2854 694 2903 aut
707 2863 779 2902 cum
797 2838 899 2901 fructu
917 2841 977 2924 legi
991 2855 1103 2924 posset,
1118 2841 1152 2900 in
1165 2861 1201 2901 eo
1215 2861 1317 2902 emen-

258 2933 364 2996 dando
389 2945 481 3014 atque
504 2929 734 3013 interpretando
758 2931 898 2992 certatim
920 2950 1048 3012 operam
1067 2941 1239 3011 posuerunt
1260 2930 1316 2990 viri

259 3021 388 3082 illorum
407 3033 584 3099 temporum
604 3017 725 3077 eruditi.
745 3017 843 3076 Primi
860 3029 979 3093 autem,
998 3037 1075 3099 quos
1093 3018 1126 3077 in
1141 3015 1199 3078 hoe
1217 3017 1316 3078 stadio

259 3106 427 3167 decurrisse
441 3105 627 3186 accepimus,
642 3102 770 3164 fixerunt
781 3107 884 3164 Petrus
898 3104 1108 3187 Montopolita,
1120 3107 1316 3187 Pomponius,

261 3210 292 3258 et
305 3198 479 3256 Dominicus
489 3193 524 3254 de
537 3192 696 3270 caldariis,
710 3196 785 3270 sive,
801 3208 836 3255 ut
847 3196 908 3256 dici
919 3195 1044 3271 maluit,
1057 3197 1204 3257 Domitius
1215 3195 1314 3257 calde-

259 3289 354 3361 rinus,
373 3305 510 3366 quorum
527 3285 674 3345 memoria
694 3285 777 3368 apud
794 3286 919 3345 Petrum
936 3287 1077 3347 Marsum
1092 3287 1125 3346 in
1144 3284 1265 3348 Praelst.
1282 3287 1314 3346 in

259 3376 368 3440 Silium
382 3373 422 3436 ad
433 3374 548 3435 Illustr.
559 3375 732 3457 Principem
744 3376 920 3457 Virginium
933 3377 1080 3438 Ursinum
1094 3389 1199 3438 exstat.
1212 3375 1315 3438 Calde·

261 3467 321 3528 rini
340 3477 443 3525 autem
462 3462 704 3523 commentarios
722 3461 854 3524 Silianos
873 3477 1025 3524 memorat
1040 3465 1134 3524 etiam
1152 3461 1315 3524 Sabellicus

260 3556 294 3616 iu
308 3553 381 3615 dial.
400 3551 438 3612 de
452 3549 567 3632 linguae
585 3550 651 3608 Lat.
668 3562 798 3630 reparat.
818 3563 848 3610 et
866 3553 929 3634 ipse
947 3551 1129 3612 Calderinus
1142 3551 1176 3611 in
1193 3551 1313 3612 Prasias.

259 3642 299 3706 ad
312 3638 447 3703 Martial.
459 3638 516 3699 Sed
528 3657 635 3699 eorum
649 3636 768 3698 labores
783 3638 884 3700 lucem
898 3640 1007 3702 vidisse
1019 3660 1085 3701 uon
1098 3640 1248 3701 videnmr.
1261 3641 1314 3700 llis

260 3730 401 3790 successit
415 3730 517 3787 Petrus
528 3727 661 3802 Morsus,
677 3727 841 3809 Pomponii
854 3741 885 3787 et
899 3727 1056 3788 Calderiui
1066 3725 1248 3810 discipulus,
1261 3727 1314 3810 qui

259 3817 368 3879 Silium
382 3817 609 3878 commentariis
621 3816 810 3877 illustratum
822 3817 926 3880 edidit
935 3819 1050 3880 Verum
1062 3839 1161 3900 quum
1175 3839 1239 3879 uon
1251 3839 1311 3878 cor

259 3918 368 3989 ruptos
387 3905 487 3966 solum
505 3919 535 3967 et
553 3905 690 3991 pessimoe
709 3919 793 3967 uotae
810 3907 943 3986 codices,
960 3908 1016 3992 qui
1033 3907 1126 3988 vulgo
1139 3906 1310 3982 exstabant,

259 4009 379 4058 secutus
394 3993 501 4072 fuerit,
517 3995 569 4058 sed
586 3997 649 4078 ipse
660 3998 753 4059 etiam
770 3998 872 4080 priora
885 3998 997 4060 menda
1013 4017 1096 4058 novo
1110 4017 1251 4058 errorum
1264 4017 1311 4058 en·

259 4084 347 4152 mulo
367 4083 542 4162 adauxerit,
563 4081 640 4144 nihil
657 4085 811 4146 commodi
832 4085 939 4146 Silium
958 4101 988 4148 et
1005 4085 1230 4148 humaniorum
1250 4086 1309 4150 litt·

256 4191 364 4232 rarum
382 4171 535 4233 studiosos
561 4191 598 4234 ex
621 4169 685 4255 ejus
706 4171 816 4234 labore
840 4173 953 4256 cepisse
974 4175 1105 4256 quisque
1126 4173 1216 4236 facile
1231 4173 1308 4256 judi·
