2930 4644
269 337 331 420 tet
600 331 984 398 conataurarto

266 499 339 539 nem
355 470 568 534 adornandam
586 472 707 553 putavi3
730 491 864 552 quorum
881 471 1026 532 alterum
1047 471 1094 530 ad
1114 491 1228 530 veram
1243 467 1339 530 Siliani

265 565 407 626 carminis
416 563 576 624 lectionem
586 559 846 640 investigandam,
861 561 999 622 alterum
1013 583 1099 622 vem
1110 561 1153 622 ad
1167 581 1272 620 terum
1282 581 1337 618 ver·

265 657 437 737 horumque
457 651 653 712 difficultates
674 651 873 714 removendas
891 665 1063 733 spectaret.
1093 651 1229 710 Etenim
1252 671 1340 732 neque

264 766 372 808 cotum
387 743 463 802 ratio
475 741 712 821 institutumque
721 739 919 822 probandum
929 743 1081 817 videtur,
1099 741 1240 822 quinon
1250 741 1338 800 tusiin

264 847 347 894 textu
361 830 493 890 auctoris
503 827 686 909 corrigendo
698 827 856 902 laborant,
867 843 899 887 et
913 831 1085 890 variarum
1103 827 1278 888 lectionum
1290 825 1338 884 far·

266 923 404 1004 saginem
421 917 558 998 undique
577 919 608 976 in
631 937 732 1004 tinum
753 916 854 976 locum
871 931 1071 998 congerunt3
1098 937 1211 998 neque
1226 937 1337 988 eorum,

265 1011 319 1092 qui
333 1031 379 1070 res
391 1021 513 1068 tantum
531 1019 560 1064 et
574 1005 666 1066 verba
682 1006 867 1086 scriptorum
882 1005 1042 1067 illustrare
1056 1009 1252 1066 instituunt.
1267 1002 1335 1062 lllud

266 1120 320 1182 per
333 1120 363 1159 se
377 1095 501 1179 quidem
518 1093 651 1170 bonum,
670 1115 735 1154 non
750 1093 864 1154 sufficit
877 1107 981 1156 tamen
994 1095 1037 1154 ad
1053 1095 1188 1154 libmm
1203 1114 1274 1153 cum
1285 1089 1334 1150 stu·

265 1206 316 1251 ctu
327 1185 510 1268 legendum:
524 1181 580 1244 boc
592 1197 711 1260 autem,
727 1184 784 1244 nisi
798 1184 967 1264 legitimam
979 1187 1085 1245 crisin
1100 1183 1271 1255 adhibeas,
1282 1201 1333 1261 qua

265 1279 303 1338 de
320 1297 391 1336 vera
410 1274 541 1334 lectione
557 1286 689 1348 constet,
711 1273 875 1354 sepissime
892 1295 930 1334 ne
947 1274 1057 1335 locum
1080 1274 1220 1355 quidem
1236 1270 1331 1341 babct;

265 1388 339 1428 nam
354 1365 468 1426 frustra
481 1364 673 1445 interpretari
685 1363 844 1423 conaberis
854 1376 942 1438 ante,
954 1387 1053 1446 quam
1067 1377 1232 1445 corrupta
1242 1381 1331 1422 emen·

265 1457 392 1516 dareris.
403 1455 508 1536 Neque
517 1474 588 1513 vero
598 1453 708 1512 criticas
715 1467 798 1514 notae
809 1454 850 1513 ab
857 1452 915 1515 hac
924 1454 1065 1515 editione
1075 1453 1198 1514 alienae
1206 1465 1329 1532 propter·

264 1567 299 1606 ea
311 1542 469 1606 censenda
481 1557 568 1620 sunt,
581 1541 664 1622 quod
672 1540 827 1623 juventuti
838 1565 873 1603 ea
886 1545 1026 1625 inprimis
1036 1542 1235 1605 consultum
1244 1537 1327 1598 volui·

264 1636 407 1694 Primum
421 1633 504 1692 enim
520 1631 559 1691 ad
576 1631 681 1692 sitium
696 1651 768 1690 cum
785 1631 889 1692 fructu
908 1631 1079 1713 legendum
1097 1633 1122 1691 ii
1137 1633 1268 1691 demtnn
1282 1625 1324 1684 ad·

266 1725 447 1795 mittuntur,
464 1721 519 1800 qui
535 1733 670 1780 mentem
682 1717 749 1800 jam
766 1719 963 1802 aliquantum
978 1721 1150 1782 literarum
1166 1719 1324 1778 latinarum

265 1812 374 1874 studiis
385 1809 598 1884 excoluerunt,
612 1809 750 1892 adeoque
762 1811 901 1870 criticam
912 1811 1068 1871 rationem
1084 1827 1120 1870 et
1132 1807 1321 1870 subtilitatem

264 1901 376 1962 animis
388 1900 513 1978 adsequi
528 1913 666 1981 possunt.
680 1902 761 1960 Tum
775 1900 981 1962 adolescentes
993 1923 1142 1984 quoque,
1159 1896 1318 1981 generosio

267 1989 305 2049 ris
315 1987 423 2048 saltem
433 1986 563 2060 indolis,
577 1989 689 2049 criticae
700 1989 828 2072 alicujus
839 1989 993 2050 facultatis
1002 1993 1151 2072 copiam,
1168 2008 1231 2070 qua
1241 2001 1319 2044 nemo

264 2074 404 2159 quidem,
420 2075 473 2156 qui
490 2076 528 2135 ad
545 2074 687 2154 ingenuae
703 2076 853 2137 doctrinae
867 2077 999 2158 gloriam
1014 2078 1217 2158 solidamque
1228 2069 1314 2133 emti·

263 2169 381 2226 tionem
391 2164 541 2246 adspirat,
553 2164 618 2224 sine
630 2166 745 2246 insigni
757 2179 788 2226 et
797 2189 853 2229 suo
865 2181 895 2227 et
904 2166 1129 2251 cujuscumque
1140 2163 1314 2248 disciplina,

264 2255 313 2314 cui
328 2273 454 2335 operam
467 2252 534 2328 dat,
546 2251 664 2314 damno
677 2254 805 2331 carebit,
821 2255 878 2316 sibi
890 2277 1072 2339 comparare
1085 2272 1121 2319 et
1135 2257 1176 2322 ad
1190 2249 1312 2330 hancjtt·

263 2340 387 2404 dicandi
396 2341 546 2400 rationem
556 2341 668 2401 sensim
677 2343 805 2418 institui,
814 2343 942 2404 formari
952 2359 982 2404 et
993 2347 1061 2405 acui
1068 2347 1199 2406 debent.
1208 2335 1310 2402 Deinde

264 2433 295 2492 id
312 2432 375 2513 egi,
396 2444 432 2492 ut
448 2451 511 2492 non
526 2429 598 2492 solis
608 2428 776 2514 juvenum,
795 2433 846 2492 sed
861 2434 1026 2494 doctorum
1041 2455 1174 2518 quoque
1187 2433 1307 2493 virorum

265 2521 369 2582 usibus
384 2518 602 2600 qualicumque
615 2540 706 2602 opera
722 2542 790 2580 mea
807 2523 995 2584 inservirem.
1010 2525 1156 2606 Denique
1172 2521 1306 2584 Silianam

265 2630 390 2670 carmen
412 2608 554 2670 nondum
576 2631 675 2691 neque
692 2610 843 2671 librorum
860 2613 1014 2687 subsidiis,
1037 2635 1140 2695 neque
1157 2613 1305 2672 doctorum

267 2699 462 2779 ingeniorum
474 2697 580 2758 studiis
595 2698 636 2758 ita
651 2698 817 2781 expolitum
830 2713 888 2774 est,
904 2713 939 2760 ut
952 2702 1054 2762 critica
1068 2703 1099 2761 in
1113 2723 1150 2762 eo
1165 2715 1255 2782 opera
1267 2711 1304 2751 su·

265 2786 422 2868 persedere
433 2788 592 2869 possimus.
601 2788 632 2849 Si
641 2809 713 2848 vero
724 2791 792 2870 quis
803 2789 840 2848 ad
852 2803 1008 2851 auctorem
1019 2790 1155 2872 aliquem
1166 2783 1305 2850 edendum

265 2873 397 2949 adcedit,
416 2875 445 2934 id
464 2875 601 2956 primum
618 2875 785 2936 contendat
800 2897 917 2938 necesse
933 2891 992 2954 est,
1008 2893 1045 2938 ut
1060 2893 1236 2940 contextum
1251 2869 1301 2952 ejut

265 2983 358 3044 quam
374 2964 617 3026 emendatissime
632 2963 786 3040 exhibeat,
803 2979 832 3027 et
849 2966 931 3028 labes
947 2968 1160 3050 maculasque,
1181 2959 1301 3026 libratio·

265 3071 336 3110 rum
353 3051 400 3111 vel
413 3065 536 3135 stupore
550 3056 597 3116 vel
612 3055 749 3116 socordia
762 3057 789 3115 ei
807 3057 976 3140 adspersas,
991 3079 1141 3119 unacum
1156 3052 1266 3120 laciniis
1276 3059 1298 3107 el
1401 3100 1402 3104 ,

265 3142 390 3219 pannis,
404 3140 444 3199 ab
458 3141 562 3224 inepto
578 3144 795 3225 interpolatore
806 3143 851 3206 illi
865 3147 993 3223 adsutis,
1008 3148 1117 3209 deleat.

303 3230 443 3288 Fortasse
455 3245 559 3292 minen
569 3236 627 3294 viri
637 3234 721 3294 docti
727 3233 799 3316 jure
808 3237 978 3318 meritoque
988 3239 1117 3299 nimiam
1128 3259 1228 3300 meam
1236 3237 1263 3294 in
1271 3249 1297 3289 et
1399 3232 1402 3318 ',

265 3335 297 3374 rc
315 3316 552 3397 vituperandam
563 3319 750 3401 judicabunt
766 3324 973 3386 industriam:
995 3349 1071 3388 nam
1088 3331 1195 3410 quovis
1208 3337 1297 3411 ptopt

264 3405 391 3466 modum
407 3409 537 3489 pignore
551 3413 650 3491 posito
664 3414 851 3476 contendere
866 3430 896 3476 et
912 3417 1045 3499 profiteri
1060 3439 1200 3501 possum,
1215 3427 1298 3477 meam

264 3493 428 3554 editionem
442 3496 598 3557 continere
613 3519 719 3558 omnes
733 3501 878 3565 lectiones
894 3503 1061 3581 variantes,
1079 3527 1096 3566 a
1113 3505 1261 3567 Drakenb.
1274 3505 1297 3555 tt

264 3582 457 3646 Villebrunio
472 3597 605 3660 notatas,
623 3589 648 3647 si
666 3591 953 3668 paucissimaslorte
965 3615 1090 3676 prorsus
1103 3596 1224 3656 inutiles
1233 3607 1299 3652 exce·
1398 3624 1400 3670 ,=

265 3675 352 3753 peris.
366 3676 472 3752 Quum
482 3695 552 3736 vem
562 3677 690 3738 varietas
704 3678 756 3740 illa
769 3680 905 3743 lectionis
917 3705 1078 3767 magnam,
1092 3705 1132 3743 ne
1142 3684 1239 3745 dicam
1249 3696 1296 3740 nt·

259 3761 372 3842 jarem,
389 3778 510 3844 partem
525 3765 562 3826 ad
581 3768 687 3828 inanes
701 3771 880 3852 quisquilias
897 3787 926 3833 et
943 3774 1141 3834 librariorum
1155 3775 1203 3834 vel
1215 3786 1297 3853 stupu

264 3869 328 3908 rem
345 3851 395 3909 vel
413 3853 630 3934 negligentiam
651 3857 766 3932 redeat,
789 3881 882 3940 quem
903 3861 975 3921 inde
993 3861 1130 3922 fructum
1147 3860 1194 3920 vel
1208 3861 1294 3924 Silius,

262 3939 309 4000 vel
321 3937 417 4000 lector
430 3946 584 4026 percipere
595 3947 709 4028 potest?
720 3950 831 4010 Nonne
842 3951 1063 4013 consideratius
1075 3953 1169 4032 egisse
1179 3951 1297 4015 videret,

261 4031 284 4088 si
294 4027 406 4090 harum
412 4031 584 4094 lectionum
596 4037 730 4117 aliquem
739 4037 891 4098 delectum
900 4039 1048 4116 fecissem,
1056 4056 1086 4102 et
1094 4043 1296 4105 itasummum

262 4117 346 4194 quod
364 4121 397 4178 in
413 4121 448 4180 iis
464 4125 655 4204 excerpendis
673 4125 748 4186 mihi
764 4126 978 4190 devorandum
991 4131 1065 4204 fnit,
1079 4131 1204 4192 tedium
1217 4129 1295 4189 levas
