2930 4644
368 367 431 434 ne
455 367 573 436 sinn
598 341 713 432 vira
737 367 799 432 rr
823 351 1055 436 casurus.
1174 372 1233 453 44¹

188 508 259 567 satis
274 505 363 568 bonae
378 508 476 591 frugis
492 511 611 592 copiam
626 508 849 572 observationes
859 511 1031 572 Heinsianae
1044 513 1239 586 contineant,

188 610 218 656 et
227 597 300 658 'solae
311 600 430 680 insigne
438 600 528 660 decus
540 620 602 683 prae
612 599 678 660 aliis
687 597 759 660 buic
770 600 896 660 editioni
906 600 1053 662 additurre
1065 605 1140 674 sint3
1150 599 1251 661 dubi--

188 685 321 745 tandum
338 700 442 746 tamen
459 707 524 748 non
536 700 594 763 est,
610 689 687 769 quin
699 686 804 748 multis
815 687 953 770 partibus
964 689 1101 750 meliores
1112 710 1148 748 ac
1163 685 1253 771 poli··

189 775 278 834 tiores
294 776 488 857 prodiissent,
503 779 528 838 si
544 789 650 838 auctor
666 777 809 838 ultimam
827 797 971 853 manum,
987 777 1068 860 quod
1086 777 1193 838 acerba
1209 787 1240 836 et

189 860 326 924 luctuosa
347 865 453 926 studiis
471 869 581 927 nostris
602 879 700 928 morte
720 866 864 950 abreptus
880 865 980 927 lacere
1000 868 1134 948 nequiit,
1153 869 1240 947 inpo-

188 971 274 1028 nere,
291 967 322 1014 et
337 957 399 1038 ipse
414 977 520 1018 earum
536 957 663 1018 editioni
676 977 799 1041 preesse
812 959 965 1040 potuisset.
982 959 1048 1017 Hoc
1060 955 1164 1017 labore
1176 977 1241 1038 per·

186 1036 313 1102 functus
333 1042 392 1104 alia
414 1065 481 1105 mea
504 1045 689 1126 conquisivi,
710 1044 822 1126 quibus
844 1065 941 1120 nova,
963 1065 1059 1126 quam
1079 1042 1240 1116 moliebar,

187 1127 278 1190 editio
290 1131 435 1214 placeret,
447 1149 477 1195 et
494 1134 637 1196 lectorem
649 1134 791 1196 alliceret.
804 1134 900 1196 Modii
915 1136 1019 1217 itaque
1032 1135 1242 1214 Novantiquas

187 1218 343 1283 Lectiones
361 1236 391 1283 et
409 1223 525 1286 Bartbii
543 1225 722 1286 Adversaris
742 1225 907 1308 perlegere,
927 1237 957 1284 et
975 1227 1098 1300 omnia,
1116 1242 1185 1306 quae
1204 1221 1243 1282 ad
1344 1235 1348 1246 ‘

142 1355 147 1366 .
186 1305 294 1370 Silium
313 1313 492 1374 ornandum
512 1312 681 1388 faciebant,
702 1313 775 1374 inde
795 1335 950 1397 excerpere
972 1317 1066 1397 coepi,
1088 1327 1139 1388 ut,
1159 1310 1241 1393 quod

187 1415 366 1480 nunquam,
383 1401 442 1460 nisi
458 1403 491 1460 in
508 1400 567 1462 hae
583 1422 669 1462 nunc
684 1401 829 1476 editione,
847 1405 1016 1484 prestitum
1029 1414 1108 1477 erat,
1122 1420 1190 1483 quae
1203 1398 1243 1459 ad
1266 1427 1267 1432 ¹

187 1486 434 1548 emendationem
451 1501 506 1548 aut
522 1488 758 1549 illustrationem
772 1491 903 1550 auctoris
915 1491 1011 1550 nostri
1024 1491 1136 1572 passim
1147 1508 1182 1547 ac
1193 1509 1255 1548 va·‘

188 1571 239 1630 riis
251 1571 324 1633 locis
335 1573 573 1652 adnotaverant,
589 1592 785 1658 quorumque
797 1576 957 1658 multiplex
968 1580 1001 1637 in
1014 1578 1094 1637 notis
1106 1576 1244 1636 Heinsia-

189 1660 236 1719 nis
253 1664 369 1723 mentio
385 1662 494 1740 fiebat,
510 1666 544 1725 in
556 1665 697 1726 ordinem
708 1665 892 1748 digererem,
908 1680 938 1726 et
949 1667 1103 1727 contextui
1120 1663 1246 1747 subjice-

149 1825 156 1836 ·
188 1769 263 1810 rem.
274 1752 312 1812 ln
321 1774 384 1835 quo
395 1768 550 1837 quantum
562 1757 706 1817 molestiae
719 1755 796 1816 mibi
808 1757 1021 1818 devorandum
1033 1756 1141 1832 fuerit,
1154 1775 1245 1815 nemo

188 1857 223 1898 ex
238 1859 326 1922 aequo
342 1845 492 1906 mamare
509 1859 622 1928 potest,
641 1847 699 1907 nisi
713 1847 782 1928 qui,
801 1847 834 1904 in
851 1845 948 1907 simile
969 1845 1128 1928 quondam
1145 1844 1245 1926 pistri-

188 1947 266 1988 num
275 1930 429 2010 detrusus,
438 1935 595 2010 eumdem,
605 1956 699 2017 quem
710 1956 780 2016 ego,
790 1934 926 1996 laborem
938 1935 1114 1997 exantlavit.
1123 1934 1243 1994 Deinde

188 2037 285 2099 quum
296 2021 432 2084 Danielis
444 2025 560 2086 Heinsii
576 2025 751 2109 Crepundia
763 2025 891 2100 Siliana,
910 2047 980 2108 quoe
999 2028 1103 2110 paucis
1122 2025 1241 2108 paginis

186 2107 342 2188 ingentem
362 2113 524 2174 reconditae
541 2135 577 2175 ac
593 2135 657 2174 non
670 2116 806 2197 protritae
817 2114 998 2177 eruditionis
1009 2117 1130 2197 copiam
1147 2115 1259 2174 conti·

186 2212 275 2275 nent,
289 2203 388 2264 rarius
398 2225 463 2265 non
476 2208 509 2266 in
522 2204 569 2266 bis
580 2208 667 2266 terris
678 2205 786 2281 modo,
798 2204 848 2268 sed
861 2203 978 2289 ubique
987 2208 1096 2280 etiam,
1109 2205 1243 2264 inveniri

185 2304 320 2369 possent,
339 2306 408 2370 aut,
427 2296 452 2355 si
469 2317 541 2358 casu
557 2296 784 2370 invenirentur,
806 2315 903 2377 quam
918 2299 1068 2372 animose,
1087 2298 1112 2356 si
1128 2294 1256 2354 molem·

186 2375 281 2437 libelli
292 2396 460 2463 spectas,et
470 2387 579 2445 insano
591 2386 690 2467 pretio
701 2397 965 2466 compararentur,
978 2405 1042 2444 non
1052 2386 1243 2444 committen-

185 2463 263 2524 dum
275 2472 393 2544 censui,
405 2483 441 2530 ut
455 2472 610 2532 bonarum
627 2473 742 2532 artium
757 2472 882 2532 studiosi
899 2485 965 2532 tam
981 2472 1133 2553 exquisitis
1149 2469 1241 2530 bella·

186 2549 252 2624 riis,
266 2559 431 2633 praesertim
443 2557 515 2619 data
527 2557 586 2618 hac
596 2559 767 2634 occasione,
784 2559 911 2620 ulterius
923 2569 1076 2632 carerent,
1094 2568 1148 2616 aut
1164 2575 1242 2638 saepe

187 2637 291 2720 aliquo
307 2663 414 2732 census
430 2645 614 2707 detrimento
629 2647 686 2708 sibi
702 2668 880 2730 comparare
894 2667 1011 2708 necesse
1027 2643 1185 2706 baberent.
1201 2645 1241 2702 Ut

187 2727 292 2810 itaque
303 2737 462 2811 recensita,
481 2749 525 2812 et,
544 2750 699 2819 quantum
715 2735 781 2798 fieri
798 2739 913 2820 potuit,
930 2734 1087 2796 asordidis
1099 2748 1241 2817 typogra-

188 2815 323 2900 phorum
340 2825 418 2886 vitiis
436 2838 467 2886 et
482 2826 634 2888 erroribus
649 2839 831 2910 expurgata,
848 2840 878 2888 et
895 2827 1060 2887 editionem
1074 2822 1241 2904 Lugduno-

186 2904 335 2970 Batauam
346 2923 377 2970 et
387 2913 670 2996 Cantabngieusem
682 2935 754 2974 curn
766 2912 824 2974 bac
836 2928 940 2975 nostra
952 2912 1145 2994 comparanti
1159 2922 1241 2993 pate·

187 2993 247 3073 bit,
264 2997 315 3060 hic
331 2999 433 3062 denuo
448 3005 704 3086 exprimerentur,
722 3006 837 3065 curavi.
854 3004 898 3066 Ne
913 3005 982 3086 quis
994 3015 1097 3062 autem
1114 3002 1243 3060 miretur

186 3086 234 3149 vel
246 3087 363 3170 culpet,
375 3089 497 3150 nullam
508 3094 720 3153 metationem
733 3093 765 3152 in
778 3090 836 3152 bac
848 3091 981 3152 editione
993 3089 1133 3150 babuisse
1147 3087 1243 3148 adno·
1255 3107 1258 3116 ¹

186 3181 359 3254 tationum,
379 3199 455 3260 quas
476 3183 509 3240 in
530 3193 652 3264 poetam
673 3191 815 3242 nostrum
836 3183 1013 3264 conscripsit
1033 3179 1240 3260 Dausqueius‚

186 3289 311 3350 aequam
327 3271 484 3331 lectorem
501 3270 693 3333 monendum
708 3270 796 3346 duxi,
814 3293 863 3332 me
875 3271 1054 3354 justissimas
1070 3289 1174 3330 causas
1185 3264 1241 3326 ha·

187 3360 301 3435 buisse,
313 3379 368 3419 cur
380 3357 429 3420 hic
441 3361 575 3442 repetitae
586 3381 651 3421 non
668 3362 737 3420 siut.
750 3360 830 3420 Nam
842 3381 941 3442 quum
953 3359 1022 3420 solta
1034 3357 1145 3419 modici
1157 3356 1256 3416 volu··

188 3448 280 3506 minis
291 3449 388 3508 instar
399 3467 460 3508 esse
472 3461 607 3530 possent,
620 3447 826 3508 studiosorum
837 3447 988 3508 sumtibus
1000 3465 1123 3529 parcere
1134 3443 1240 3516 debui,

191 3555 244 3610 ne,
260 3537 285 3594 si
300 3555 349 3595 eas
364 3536 445 3612 aliis,
462 3557 538 3617 quas
553 3556 639 3598 nunc
654 3535 739 3612 dedi,
757 3535 944 3619 adjecissem,
961 3534 1042 3594 mole
1057 3532 1142 3606 libri,
1158 3529 1243 3590 unde

189 3625 281 3684 etiarn
299 3627 431 3706 pretium
450 3637 627 3708 augeretur,
645 3637 794 3685 amtorem
813 3625 996 3686 deterrerem
1014 3623 1125 3701 magis,
1145 3640 1240 3701 quarn

190 3711 341 3773 allicerent
352 3738 359 3774 ε
370 3729 580 3798 preterquam
596 3714 679 3796 quod
696 3717 790 3774 etiam
805 3713 897 3796 longe
912 3714 1047 3796 plurima
1061 3711 1119 3770 illis
1131 3713 1239 3785 insint,

190 3819 260 3881 quse
274 3802 494 3884 elegantiorum
510 3805 683 3865 studiorum
699 3801 868 3862 cultoribus
884 3822 948 3862 non
965 3820 1113 3882 magnam
1128 3800 1241 3859 utilita-

191 3904 253 3952 tem
271 3905 464 3972 pracstarent,
480 3895 629 3973 quoniam
648 3893 840 3973 Dausqueius
859 3889 957 3950 multa
978 3892 1014 3949 iis
1032 3888 1240 3960 admiscuerit,

189 3997 275 4062 quae,
286 3981 345 4038 nisi
356 3979 476 4039 infenso
486 3981 570 4058 odio,
582 4002 659 4063 quo,
676 3982 775 4041 nescio
786 4001 882 4061 quam
897 3977 937 4038 ob
948 3999 1087 4052 causam,
1100 3976 1240 4036 Modiam

190 4093 225 4136 ac
237 4071 318 4131 Dan.
331 4071 492 4130 Heinsium
508 4069 760 4153 prosequebatur,
772 4070 940 4130 obcaecatus
952 4082 1044 4150 atque
1060 4070 1093 4126 in
1107 4065 1240 4146 pejorem

190 4164 373 4250 plerumque
391 4160 671 4243 partem-abreptus
686 4159 804 4235 fuisset,
823 4163 885 4243 ipse
900 4157 1070 4220 omittenda
1088 4153 1243 4233 atque-in-
