2956 4670
234 288 276 356 80
552 288 589 354 C.
613 285 737 352 SlLIl
763 287 957 352 tuattcl

276 433 365 494 Dum
377 427 477 518 Libys
489 425 578 492 baud
590 428 683 494 laetus
697 427 845 518 Rhegina
857 428 899 494 ad
912 429 1006 494 litora
1019 429 1140 508 tendit,

232 536 360 612 Victor,
373 533 528 600 submoto
541 533 819 622 patriisafrnibus
831 532 942 614 hoste,
1030 587 1034 596 .
1250 547 1287 608 95

234 640 369 704 Fuluius
381 638 556 702 infaustam
569 641 734 726 Campana
746 638 789 704 ad
802 641 924 704 moeuiu
936 641 1053 707 clausis

233 747 387 812 Portabat
398 748 533 826 famam,
547 748 741 837 miserisque
754 763 900 812 extrema
913 749 1076 814 movebat.

232 854 320 918 Tum
333 875 491 940 prensans
504 854 639 942 passim,
653 854 852 941 cuicumque
866 870 916 918 est
928 877 1050 919 nornen
1063 856 1096 917 in
1109 855 1226 920 armis:

237 987 251 1016 a
263 957 415 1024 Dedecus
428 957 492 1024 hoc
505 955 650 1023 defende
663 959 778 1020 manu!
793 979 853 1022 cur
865 959 1006 1046 perfida,
1021 976 1055 1024 et
1068 958 1140 1024 urbi

234 1065 343 1130 Altera
354 1065 517 1152 Carthago
529 1079 666 1142 nostrae,
680 1079 756 1152 post
768 1063 890 1130 foedera
904 1083 1015 1154 rupta,
1239 1095 1284 1126 ιω

234 1174 276 1236 Et
288 1173 422 1237 missurn
436 1169 478 1235 ad
491 1185 601 1259 portas
615 1172 768 1248 Poenum,
783 1187 858 1258 post
865 1170 941 1261 jura
953 1173 1056 1259 petita

235 1279 385 1346 Consulis
398 1279 529 1358 alterni,
544 1293 606 1342 stat
617 1275 745 1340 adhuc?
757 1293 790 1342 et
802 1277 947 1343 turribus
959 1279 1032 1344 altis

236 1385 455 1451 Hannibalern
466 1405 505 1448 ac
517 1383 639 1473 libycas
652 1399 819 1470 exspectat
831 1383 920 1449 lenta
933 1383 1105 1450 cobortes?
1118 1416 1131 1445 i

235 1489 397 1556 Miscebat
408 1487 503 1554 dictis
516 1489 616 1564 facta,
630 1504 664 1552 et
675 1511 764 1552 nunc
776 1489 897 1553 robore
910 1489 1012 1555 celsas

237 1598 342 1663 Educi
355 1614 476 1674 turres,
490 1599 563 1684 quis
576 1595 724 1659 vinceret
736 1595 840 1660 ardua
852 1595 952 1675 muri,

236 1701 396 1790 Cogebat,
410 1721 499 1764 nunc
511 1699 705 1790 conjunctas
717 1699 923 1788 adstringere
935 1699 1031 1766 nodis

238 1806 383 1872 Instabat
394 1805 550 1893 ferroque
563 1803 686 1885 trabes,
700 1828 768 1895 quo
781 1807 947 1893 frangeret
959 1804 1041 1869 altos

238 1919 410 1980 Portarum
422 1929 548 2001 postes,
563 1928 781 2002 quateretque
794 1913 954 1977 morantia
967 1913 1116 1976 claustra.

268 2081 308 2142 94.
325 2079 388 2126 baud
403 2079 476 2148 battis
491 2081 531 2139 (ut
551 2095 588 2142 ap.
607 2081 655 2128 Lir.
674 2083 759 2136 xxvt,
781 2095 821 2134 ra,
838 2095 874 2142 pr.
892 2083 1007 2142 repentino
1023 2079 1132 2138 ιιιίυειιιιι)
1147 2079 1238 2126 emend.
1255 2079 1286 2126 N.

238 2153 318 2201 Heius.
331 2163 354 2196 et
368 2149 440 2196 edidit
450 2149 530 2197 Lefeb.
546 2151 598 2195 Non
611 2150 685 2204 malet
701 2150 747 2196 vid.
760 2163 838 2196 tamen
852 2161 900 2195 not.
914 2150 998 2212 Reqino
1013 2152 1087 2196 Onon.
1103 2163 1155 2195 curn
1172 2148 1287 2196 nonnulli·

239 2240 266 2271 ex
278 2222 358 2284 primis
369 2219 421 2266 edd.
432 2237 479 2268 non
490 2219 582 2282 inprob.
595 2221 666 2267 Drak.
682 2219 749 2280 cujus
761 2232 816 2265 uota
827 2231 860 2265 est
869 2218 933 2264 hnc:
950 2239 960 2259 ι
970 2219 1014 2280 Qui
1023 2235 1107 2266 nomen
1118 2213 1235 2283 ιριίγινμι
1246 2219 1288 2264 de-

238 2294 339 2348 ducunt,
353 2290 418 2353 quod
428 2291 489 2337 fania
500 2293 540 2348 rit,
554 2307 582 2339 eo
595 2293 619 2338 in
631 2290 684 2338 ioco
696 2293 785 2351 impetu
796 2292 865 2336 maris
874 2289 970 2336 Siciliam
980 2291 1009 2336 ab
1018 2289 1081 2338 ltalia
1090 2290 1212 2351 abruptam
1223 2304 1286 2344 etse,

239 2359 350 2424 Bhrqium
361 2361 462 2407 rnaiunt:
476 2359 511 2408 bis
520 2377 588 2417 vero,
601 2363 641 2423 qui
654 2375 666 2404 a
679 2361 738 2422 Reqe
749 2359 854 2406 derivarit
864 2371 961 2422 propter
970 2359 1014 2406 lori
1025 2358 1183 2422 splendorem,
1193 2360 1289 2422 quium

239 2431 327 2495 placet,
342 2445 368 2478 ut
380 2435 470 2479 Graevio
484 2435 513 2481 ad
528 2437 575 2481 Cic.
589 2434 659 2494 Epist.
673 2433 737 2476 uam.
751 2432 804 2488 xu,
818 2432 856 2479 25.
869 2434 961 2494 Antiqui
974 2431 1060 2494 lapides
1070 2431 1164 2487 literati.
1176 2431 1287 2479 nuncad·

240 2503 300 2560 din,
310 2520 372 2550 nunc
384 2504 484 2551 detracta
494 2505 661 2567 adspiratione,
669 2515 790 2566 utramque
801 2503 988 2567 orthographiam
998 2517 1132 2564 agnoscunt.
1144 2526 1154 2544 ι
1163 2530 1193 2540 -
1200 2521 1238 2566 97.
1249 2505 1288 2550 mi·

240 2578 328 2640 serique
339 2577 409 2623 Mars.
421 2590 444 2623 et
453 2579 547 2638 quidam
558 2575 602 2622 alii.
613 2600 645 2611 —
655 2590 693 2638 99.
706 2574 768 2623 urbis
779 2577 829 2624 Col.
840 2603 871 2613 -·
886 2591 935 2623 ιοι.
946 2579 1069 2624 msam
1080 2579 1154 2623 Oion.
1167 2592 1220 2623 eum
1232 2576 1288 2638 pris·

241 2647 273 2692 eis
285 2645 338 2692 edd.
351 2671 382 2682 -
397 2647 446 2694 10⁶.
459 2649 584 2712 conjunctis
598 2647 649 2692 Pur.

242 2779 351 2832 tandem
369 2781 443 2834 Darii
461 2782 617 2834 'narratione
636 2799 742 2852 permo·
787 2800 831 2834 cns
845 2801 877 2834 oo
892 2795 1012 2854 spectat,
1026 2779 1098 2852 qnod
1116 2791 1169 2830 tarn
1187 2775 1289 2848 perfida

243 2873 315 2926 tum,
334 2860 423 2912 Romu
442 2861 577 2932 capiendae
598 2879 673 2933 spem
694 2878 743 2932 po·
787 2861 852 2913 urbs
863 2875 917 2912 tarn
932 2861 978 2911 diu
988 2858 1170 2930 nequidquam
1184 2854 1290 2906 obside-

243 2941 341 3003 tuisse,
357 2953 383 2990 et
399 2939 462 2991 inde
474 2942 601 3006 movisse,
618 2957 650 2990 ex
666 2941 742 2990 initio
788 2953 840 2991 tur.
852 2941 893 2991 Cf.
905 2955 964 3009 sqq.

244 3019 322 3089 hujus
337 3031 363 3071 et
377 3017 429 3072 fine
441 3019 585 3090 superioris
601 3017 664 3070 libri
680 3035 744 3069 con·
828 3017 993 3089 roofoedero
1005 3023 1097 3084 rupta5
1110 3010 1181 3063 conf.
1192 3010 1242 3076 xt,
1255 3027 1288 3083 ²9

244 3112 309 3160 stau
320 3099 400 3151 Drak.
790 3117 846 3170 seq.
856 3125 891 3136 -·-
907 3112 951 3148 tor
968 3113 1023 3163 seq.
1041 3093 1146 3143 missum
1157 3090 1192 3141 od
1201 3102 1288 3164 portas

280 3196 322 3248 97.
335 3178 440 3240 miseris,
450 3176 564 3228 obsessis
574 3175 672 3246 Capua
680 3177 746 3226 oiri·
790 3179 919 3239 Poenum,
932 3169 1108 3224 Hannibalem
1120 3173 1287 3238 arcessitum,

245 3257 296 3310 bus
308 3269 421 3310 extrem
433 3254 505 3306 maia
516 3255 650 3319 movebat,
666 3272 746 3324 para·
790 3271 873 3326 quum
880 3253 1009 3322 Campani
1020 3248 1055 3300 od
1064 3249 1288 3316 eumdefieorenu
1362 3293 1363 3296 ,

245 3338 429 3391 bat.Ernesti:
442 3336 481 3385 ita
488 3331 581 3384 urbem
589 3332 744 3400 obsidebat,
792 3333 826 3386 ds
841 3349 895 3402 quo
910 3329 964 3382 rid.
977 3331 1026 3397 ΧΙ,
1042 3331 1089 3383 132
1104 3349 1177 3402 seq,
1191 3345 1217 3385 et
1229 3334 1290 3398 xit,

246 3431 277 3471 ut
288 3435 349 3488 spes
362 3413 437 3470 troiia
448 3409 541 3463 salutis
553 3412 655 3465 civibus
668 3413 746 3465 rolin·
791 3415 842 3482 449
855 3429 894 3481 sq.
903 3420 1001 3481 -post
1008 3412 1068 3482 juro
1078 3413 1159 3483 petita
1175 3409 1289 3466 Consulis

248 3508 382 3570 queratur.
392 3491 477 3561 -98.
489 3510 625 3564 prensans,
640 3511 745 3564 rogans.
791 3491 899 3550 altemi;
917 3492 989 3542 conf.
1004 3492 1055 3556 xl,
1070 3491 1102 3545 55
1115 3511 1173 3564 sqq.
1185 3521 1219 3534 -
1233 3493 1288 3544 103.

247 3573 351 3630 Vidod
364 3569 411 3622 lib.
423 3571 473 3638 Vl,
485 3591 510 3623 v.
526 3573 574 3638 461
586 3590 625 3644 sq.
635 3574 748 3624 cineum·
792 3569 878 3635 lenta,
898 3587 1009 3639 secura,
1033 3574 1090 3624 sine
1110 3585 1197 3638 metu,
1220 3583 1246 3624 et
1263 3571 1291 3624 in

247 3673 298 3727 qne
305 3665 340 3704 est
348 3665 443 3702 riomert
451 3652 478 3704 in
486 3653 577 3718 armis,
587 3653 746 3705 fortissimos
792 3653 856 3703 otio.
872 3651 911 3702 ef.
927 3649 961 3702 ad
973 3653 1011 3717 11,
1029 3653 1090 3722 489.
1100 3682 1137 3692 -
1151 3652 1208 3718 ¹⁰4·
1220 3651 1290 3703 robo-

248 3733 376 3798 militum,
388 3732 460 3784 viros
471 3746 597 3806 spectata
607 3732 721 3796 virtutis,
792 3749 833 3798 ne,
851 3749 865 3782 e
879 3729 967 3802 liqno,
983 3733 1094 3804 ligneas.
1106 3762 1143 3774 -
1158 3731 1215 3783 106.
1228 3748 1292 3782 ooa-

285 3829 327 3881 99.
341 3811 427 3864 Verba
437 3811 693 3887 Fulvii.-Dedeous
703 3809 748 3861 de-
784 3815 892 3883 ιιἰιιιειιιι
912 3813 1068 3889 adstrinqore
1085 3811 1175 3876 nodis,
1194 3809 1290 3881 palilo-

242 3891 341 3967 feude,
358 3903 388 3942 ut
398 3894 436 3959 V,
455 3893 522 3963 490,
539 3889 586 3957 nbi
598 3908 622 3940 v.
635 3902 690 3942 not.
704 3890 748 3942 Er·
791 3892 850 3962 gia,
862 3890 895 3944 do
908 3909 962 3963 qua
973 3911 997 3943 v.
1012 3893 1047 3944 ad
1062 3891 1113 3956 IX,
1125 3907 1168 3960 99.
1185 3917 1218 3932 -
1236 3906 1293 3959 ¹0⁷⁶

250 3973 334 4024 noun:
353 3972 462 4042 injurias
480 3991 497 4024 a
510 3970 652 4041 comparas
669 3968 747 4024 nobis
792 3972 888 4039 trabes,
911 3974 1015 4026 arietes.
1033 3999 1069 4011 -
1088 3971 1144 4024 108.
1164 3969 1294 4023 mornatio.

249 4055 335 4108 tactu
345 4056 424 4108 armis
433 4051 598 4106 ulciscimini.
609 4049 662 4106 Sed
671 4049 747 4105 dede·
792 4050 916 4118 claustra,
928 4065 958 4104 ιιι
969 4051 1031 4117 vn,
1047 4050 1104 4102 130.
