2930 4644
361 389 425 452 DE
448 387 567 454 SlLll
589 386 704 452 VITA
727 386 789 451 ET
812 387 1044 452 CARMINE.
1165 388 1228 476 459

185 529 396 608 Petrarcham‚
411 533 465 611 qui
479 529 571 606 illud,
589 529 774 612 quibusdam
791 531 930 606 mutatis,
947 532 1004 592 eibi
1016 531 1231 608 vindicaverit,

185 639 300 700 suoque
311 619 446 702 poemati
459 619 566 678 Africae
584 618 637 679 lib.
650 619 707 694 Vl,
724 639 790 678 uon
805 617 901 677 modo
915 630 1016 681 totum
1027 621 1166 694 adsuere,
1181 617 1233 680 sed

184 707 276 766 etiem
295 707 328 766 in
348 707 485 767 oratione
502 703 663 790 Syphacis,
684 725 701 764 a
720 704 814 765 Laelio
832 707 963 765 Romam
984 707 1123 783 abducti,
1144 729 1232 792 para·

185 791 336 876 phrastice
350 795 463 855 imitari
478 815 544 854 uon
558 793 670 853 veritus
682 793 730 851 sit.
745 793 904 869 Quoniam
919 793 1061 854 nondum
1075 792 1153 855 mihi
1165 816 1232 878 per·

185 882 313 944 suadere
323 886 421 967 potui,
431 883 491 944 hoc
500 884 712 966 fragmentum
722 884 761 942 ab
769 883 836 966 ipso
846 883 910 943 Silii
918 884 1043 964 ingenio
1050 884 1233 967 profectum,

185 987 215 1032 et
226 974 300 1034 olim
312 996 330 1034 a
343 996 392 1035 me
401 995 526 1056 quoque
535 973 745 1056 recipiendum
757 993 834 1046 eaee3
848 973 937 1035 liceat
945 973 1037 1050 mihi,
1047 987 1145 1035 totam
1155 973 1234 1034 hane

186 1063 345 1121 morientis
355 1063 495 1144 Magonis
505 1061 763 1124 declamationem
772 1083 836 1124 uua
846 1084 917 1126 curu
927 1063 1009 1126 notis
1018 1062 1139 1124 editoris
1151 1082 1235 1122 uuna

188 1169 260 1209 cum
273 1150 436 1212 lectoribus
451 1149 697 1212 communicare:

187 1290 250 1357 Sed
263 1309 441 1382 postquam
453 1292 566 1359 medio
574 1295 707 1384 juvenis
720 1296 810 1360 stetit
822 1317 958 1384 aequore
970 1317 1112 1384 pronus,

188 1397 344 1464 Vulneris
357 1399 545 1465 increscens
557 1399 667 1481 dolor,
681 1417 714 1465 et
726 1401 846 1466 vioinia
858 1399 939 1466 dirae

187 1504 305 1569 Mortis
317 1529 433 1594 egens,
447 1507 588 1572 stimulis
600 1507 794 1573 ardentibus
808 1525 903 1597 urget
914 1507 1084 1572 anhelum.
1173 1511 1176 1516 ’
1208 1517 1239 1564 3υ

188 1608 264 1684 Ille,
278 1609 394 1676 videns
406 1613 545 1700 propius
556 1613 703 1700 supremi
716 1615 875 1700 temporis
887 1609 1020 1693 liorem,

191 1715 326 1804 Incipit:
345 1719 461 1782 aileu!
475 1717 581 1808 qualis
593 1720 736 1784 fortunae
749 1720 909 1784 terminus
922 1719 1010 1783 altae!

188 1821 296 1904 Quam
308 1823 390 1888 laetis
403 1845 497 1890 mens
510 1847 594 1890 caeca
607 1825 718 1891 bonis!
733 1825 827 1890 furor
839 1847 916 1893 ecee
929 1825 1107 1890 Potentum

189 1931 353 2020 Praecipiti
365 1932 510 2020 gaudere
522 1933 597 2000 loco
609 1957 615 1996 :
631 1950 733 2000 status
746 1933 803 2000 ille
814 1931 968 2021 procellis

189 2036 342 2128 Subjacet
355 2039 553 2118 innumeris;
567 2038 626 2103 sed
638 2037 714 2104 finis
727 2038 768 2103 ad
782 2039 846 2103 alta
859 2038 973 2103 levatis
1212 2049 1240 2094 35

189 2143 256 2222 En,
269 2163 377 2208 ruere.
392 2143 483 2210 ileu!
497 2145 677 2209 tremulum
690 2167 887 2234 magnorum
901 2142 1034 2210 culmen
1045 2138 1213 2210 honorum
1220 2191 1233 2220 ‚.

188 2251 338 2342 Spesque
350 2251 526 2320 hominum
540 2253 651 2332 fallax,
666 2271 699 2323 et
711 2254 818 2320 inanis
830 2254 933 2342 gloria
946 2251 1030 2318 lictis

189 2359 276 2424 Illita
289 2359 471 2426 blanditiis!
485 2360 567 2426 heu!
582 2363 648 2426 vite
660 2363 807 2440 incauta,
820 2360 925 2426 laboti

190 2465 303 2530 Didita
315 2484 495 2556 perpetuo,
508 2481 709 2560 semperque
722 2470 861 2549 incerta,
873 2490 936 2532 uec
948 2489 1095 2556 unquam

192 2571 247 2638 Sat
260 2573 374 2638 mortis
387 2574 525 2662 praevisa
537 2573 622 2640 dies!
636 2573 830 2639 heuleortis
842 2573 965 2662 iniquae
1214 2581 1244 2638 t·

193 2681 299 2742 Natus
310 2677 411 2744 homo
425 2679 458 2742 in
471 2680 581 2744 terris!
595 2677 773 2743 animantia
787 2694 907 2744 cuncta
920 2678 1114 2766 quiescunt:

194 2783 406 2872 lurequietus
418 2783 535 2864 homo,
549 2807 676 2874 perque
690 2807 807 2848 omnes
817 2785 932 2848 auxius
945 2805 1050 2850 anuos

193 2887 244 2953 dd
258 2905 399 2954 mortem
412 2889 544 2955 festinat
556 2891 633 2956 iter!
647 2891 754 2970 Mors,
769 2889 1033 2977 optimatem,

195 2997 249 3062 Tu
263 2997 383 3083 retegis
391 2994 465 3059 sola
478 3017 621 3074 errores,
636 3011 670 3060 et
682 2996 809 3060 somnia
822 2995 897 3060 vitae
1011 3078 1016 3088 Ι

195 3101 341 3168 Discutis
354 3117 475 3166 exactae
487 3125 494 3166 :
508 3100 607 3166 video
620 3123 709 3167 nunc
723 3119 843 3194 quanta
856 3100 984 3190 paravi,

194 3207 260 3274 Ah!
276 3207 377 3271 miser
389 3205 553 3272 ineassum
565 3232 572 3270 ι
586 3208 672 3272 subii
686 3224 768 3296 quot
780 3225 899 3296 sponte
910 3206 1055 3284 labores,

196 3319 289 3402 Quos
300 3315 395 3380 licuit
404 3316 546 3380 transire
559 3314 655 3380 mihi!
670 3318 849 3382 moriturus
861 3315 902 3381 ad
915 3333 1000 3381 astra

195 3420 361 3488 Scandere
375 3423 493 3510 quaerit
506 3420 623 3499 hom03
638 3419 695 3485 sed
709 3444 798 3516 mors
811 3420 910 3486 docet
923 3421 1032 3486 omnia
1046 3444 1113 3510 quo
1126 3421 1191 3485 sint

194 3532 314 3596 Nostra
326 3530 410 3594 loco.
426 3529 534 3607 Latio,
548 3526 629 3616 quid
642 3528 783 3614 profuit,
797 3551 887 3594 arma
899 3529 1028 3615 potenti

198 3637 239 3700 Et
251 3637 343 3700 tectis
356 3637 480 3701 inferre
492 3636 601 3701 feces?
613 3634 694 3725 quid
708 3633 833 3702 foedera
846 3634 974 3699 mundo
1220 3645 1248 3690 50

98 3824 101 3829 Ι
199 3743 362 3824 Turbato,
376 3763 476 3832 atque
488 3744 586 3809 urbes
600 3744 684 3808 tristi
697 3735 835 3808 miscere
849 3743 1014 3810 tumultu?
1098 3741 1105 3762 '

201 3853 309 3915 Aurea
319 3852 510 3915 marmoreis
522 3850 645 3944 quidve
658 3850 723 3916 alta
735 3850 855 3940 palatia
866 3850 970 3916 muris

204 4099 287 4152 quum
306 4081 333 4132 in
350 4078 444 4133 cltette
461 4101 540 4153 qnam
556 4085 706 4156 ipueq'uxta
748 4085 909 4160 meriptum
930 4085 980 4152 eit,
1003 4097 1030 4136 et
1047 4081 1112 4135 Silio
1134 4043 1248 4129 attribu-

203 4162 329 4234 uppoauit
340 4175 365 4212 et
375 4162 496 4230 signavit,
505 4167 703 4234 propriamunu
748 4178 814 4218 tum.
828 4166 872 4215 Eu.
