2956 4670
233 339 274 420 48
548 337 583 400 u.
606 337 733 403 sinu
758 336 954 404 urantur

233 475 455 563 Conloquium
468 491 501 539 et
513 475 671 563 promissa
683 477 767 566 petit
779 474 860 544 dum
872 478 999 568 perfida
1011 485 1116 568 gentis

234 587 389 661 Lucanae,
402 579 583 661 Gracchus,
596 605 685 649 eaeco
697 585 918 652 circumdatus
930 602 1018 666 astu,

231 688 420 768 Occiderat,
432 687 633 779 laudemque
646 688 745 780 Libys
757 693 906 781 rapiebat
918 693 1087 760 huniandi.

275 793 340 864 Sed
352 817 434 873 non,
448 810 485 859 ut
497 794 615 860 scitum
627 794 772 862 celerare
783 795 826 862 ad
838 799 960 864 moenia
972 800 1126 880 Poenum,

232 899 389 966 Adstabat
401 923 452 966 res
464 901 531 966 ulla
543 901 627 968 loco.
640 903 714 966 Jam
726 905 842 970 consul
854 923 996 996 uterque
1228 921 1282 992 Its,

232 1009 418 1098 Praecipites
429 1007 583 1088 aderaut;
596 1010 679 1077 blole
692 1011 740 1075 vis
753 1012 875 1091 omnis,
889 1030 922 1078 et
933 1011 1028 1102 Arpis

231 1119 302 1181 AEvi
315 1114 462 1181 floridior
475 1113 594 1180 Fabius
607 1115 721 1202 rapida
733 1135 824 1182 arma
837 1119 977 1200 ferebat3

232 1225 318 1292 Hinc
330 1225 433 1303 Nero,
447 1239 480 1292 et
492 1221 570 1289 hinc
582 1221 725 1288 volucris
736 1223 864 1294 Silanus
877 1215 975 1294 nocte
987 1225 1109 1318 dieque

231 1332 417 1420 Inpellebat
428 1351 527 1418 agens
539 1345 716 1420 properata
726 1329 768 1396 ad
781 1329 868 1396 bella
881 1332 1045 1402 cohortes.

230 1437 388 1528 Undique
401 1437 620 1515 conveniunt,
633 1437 824 1528 pariterque
836 1437 1008 1528 obponere
1020 1459 1156 1510 cunctos
1232 1453 1276 1510 4⁸5
1325 1507 1331 1522 ,

232 1547 296 1612 Uni
310 1545 463 1610 ductores
471 1543 587 1634 juveni
601 1543 717 1634 placet.
730 1543 863 1612 Arduus
875 1547 945 1636 ipse

230 1651 340 1720 Tifata
352 1649 480 1728 insidit,
493 1651 707 1739 propiorque
720 1649 885 1722 moenibus
898 1651 996 1718 instat

171 1874 185 1898 a
230 1869 264 1904 est
276 1874 281 1903 :
295 1854 412 1904 Gracchus
429 1855 489 1900 enim
503 1869 551 1904 uon
564 1853 594 1900 ab
605 1852 696 1916 bospite
711 1872 797 1912 casus,
813 1857 854 1904 sed
868 1857 891 1902 in
902 1857 993 1904 insidias
1007 1860 1161 1922 precipitatus
1173 1859 1249 1922 ibique
1263 1873 1276 1902 a

229 1927 335 1988 Magonis
345 1925 453 1972 militibus
464 1924 555 1972 occisus
564 1939 606 1973 est.
617 1927 730 1972 Preterca
741 1943 787 1974 uon
797 1926 884 1990 pbcet,
895 1942 951 1985 nec,
962 1928 1049 1975 sibene
1060 1931 1114 1977 nori
1123 1929 1212 1988 silium,
1224 1945 1279 1991 pro·

228 1997 303 2046 bublie
316 2010 364 2052 est,
377 2013 431 2043 euru
443 1998 475 2042 sic
486 1997 548 2042 nude
560 1995 668 2061 hospitem
679 1997 774 2055 dixisse,
790 2001 837 2046 sine
849 1997 1027 2065 epitheto,'qno
1038 2003 1130 2064 insignis
1143 2001 1193 2062 ejus
1207 2001 1277 2066 perli-

227 2069 266 2115 dis
277 2081 300 2116 et
310 2067 437 2130 inprobitas
448 2065 620 2126 desIgnaretur5
631 2079 657 2112 nt
668 2079 770 2124 taceam,
783 2067 854 2113 verba
865 2083 938 2116 cesus
949 2072 1060 2116 occt'dcrat
1073 2069 1193 2132 languere.
1206 2071 1223 2118 F
1226 2081 1276 2116 orte

228 2138 352 2202 legendum
362 2139 390 2184 ab
403 2135 558 2204 hospitssulso
566 2137 590 2184 b.
601 2155 623 2184 e.
637 2136 725 2194 laliaci,
739 2137 846 2203 utsnlsus
859 2138 923 2186 Iamo
933 2139 1017 2188 dicitur
1028 2141 1118 2192 Sallust.
1130 2143 1179 2190 Cat.
1195 2159 1234 2198 ro,
1246 2141 1276 2187 sl.

227 2237 258 2248 -
269 2210 322 2267 480.
337 2211 378 2255 Sat
390 2209 468 2256 stabat
480 2209 540 2272 conj.
554 2210 641 2274 Dansq.
659 2221 682 2255 et
693 2207 856 2256 edidrt'uefeb.
869 2211 975 2258 Iiestubot
986 2228 1038 2275 spes
1050 2211 1098 2260 ulla
1108 2211 1216 2269 1000]ch
1228 2211 1277 2257 Hoc

226 2280 302 2328 stabat
312 2295 364 2345 spes
375 2277 415 2324 iliu
427 2277 475 2324 loco
486 2278 579 2325 entend.
591 2281 620 2325 N.
632 2281 709 2326 IIeIns.
718 2279 814 2342 Vulgata
826 2279 895 2327 lectio
908 2283 987 2345 utique
999 2282 1110 2330 ruendum
1123 2282 1225 2338 redolet,
1236 2281 1277 2328 sed

226 2365 277 2397 earn
290 2352 391 2396 retinere
407 2347 489 2404 malui,
507 2363 579 2411 quam
593 2349 664 2396 dubis
677 2366 721 2412 pro
736 2353 804 2396 certis
818 2351 945 2398 venditare.
956 2349 1055 2398 Withof.
1070 2355 1155 2414 corrig.
1171 2351 1278 2400 Cessubat

224 2435 260 2465 tes
272 2415 334 2472 ullu5
345 2417 448 2484 iricoj'om
459 2416 538 2466 consul
549 2427 642 2484 uterique
653 2421 680 2466 Ρ.
696 2420 792 2466 aderunt
803 2419 875 2478 Nola,
890 2424 923 2467 ut’s
934 2425 1006 2468 omnis
1017 2432 1040 2468 et
1054 2425 1131 2484 Arpis.
1145 2423 1213 2469 Certe
1225 2433 1277 2484 pust

224 2491 292 2556 Arpis
303 2489 489 2556 distinguendum
502 2490 611 2554 putabat,
626 2507 698 2554 quum
714 2506 741 2536 cx
753 2491 834 2554 Polyb.
851 2504 874 2539 et
887 2492 952 2540 Livio
966 2506 1068 2554 constet,
1083 2493 1190 2542 consules
1201 2492 1277 2551 Nola,

224 2575 247 2608 et
258 2562 355 2608 Fabium
366 2564 434 2635 Arpis
445 2563 543 2608 venisse.
558 2564 586 2613 At
599 2561 690 2625 vulgatu
701 2563 857 2626 interpunctio
872 2565 978 2612 eaindem
990 2563 1080 2612 exbibet
1094 2549 1276 2612 sententiam.-

224 2631 278 2689 dda.
292 2631 369 2680 rabida
380 2651 444 2680 annu
457 2631 506 2681 Col.
520 2648 546 2681 nt
558 2649 609 2697 sup.
619 2635 676 2690 VII,
691 2633 743 2681 2⁵3.
757 2634 803 2681 Sed
814 2635 903 2697 vulgata
913 2637 982 2684 lectio
993 2637 1016 2683 b.
1030 2637 1045 2684 Ι.
1056 2639 1139 2700 aptior.
1151 2635 1238 2682 Confer
1246 2637 1274 2692 V,

223 2706 265 2770 98:
272 2705 365 2769 ferebat
374 2705 423 2753 Col.
435 2718 461 2752 ut
470 2722 523 2753 mox
533 2704 660 2772 Inpeliebut
669 2705 699 2752 de
710 2707 804 2764 Nerope
817 2720 840 2754 et
849 2707 934 2756 Silano.
943 2709 1019 2772 Vulgo
1023 2709 1143 2773 ferebant,
1154 2706 1218 2771 quod
1227 2721 1275 2752 scr·

223 2779 283 2824 vasti
293 2777 372 2824 Iaefeb.
386 2803 418 2814 —
428 2777 483 2836 483.
493 2777 592 2825 uolucrt‘s
603 2772 725 2841 sipxsri'xt'is
736 2778 786 2825 Col.
799 2778 861 2826 unde
873 2784 963 2844 recepi,
977 2781 1041 2842 quod
1051 2793 1073 2826 et
1085 2783 1152 2826 urite
1162 2777 1217 2826 fecit
1228 2779 1273 2822 Ie·

221 2847 269 2896 leb.
277 2849 346 2912 Vulg.
360 2849 470 2897 uolucres.
482 2847 576 2896 Silonis
588 2848 637 2895 Col.
649 2851 723 2896 tonis
735 2851 809 2910 gentis
820 2863 1013 2912 cognomentum,
1024 2851 1089 2912 quod
1098 2849 1179 2895 tubum
1190 2846 1227 2891 vel
1235 2845 1273 2892 fis·

221 2919 292 2967 tulum
303 2921 426 2981 signiiim
438 2922 468 2965 ri.
482 2920 604 2966 liuiuscf.
617 2921 678 2966 Fest.
687 2919 752 2964 verb.
766 2917 864 2974 Tullios,
876 2932 899 2965 et
909 2921 1002 2968 Lucret.
1014 2920 1058 2973 vt,
1073 2915 1144 2968 1263;
1154 2915 1214 2959 Cels.
1223 2915 1270 2966 III,

225 2993 264 3048 185
277 2995 360 3056 Hypin.
371 2993 390 3038 I.
407 2992 456 3051 169.
466 2991 534 3052 Vulg.
547 2989 669 3049 cyllenen
681 3005 734 3054 qut
748 3005 792 3036 vos
801 2988 865 3036 nihili
879 3003 921 3036 est.
933 3013 964 3026 ι-
975 2988 1029 3050 487.
1042 2989 1117 3034 iruidit
1128 2985 1177 3030 Col.
1190 2983 1273 3028 imsdit

221 3222 223 3226 ι
257 3156 503 3223 477.coeco·astn‚·v.
514 3154 587 3221 adv,
596 3156 719 3225 3⁹47&
767 3167 840 3216 erat;
857 3156 919 3206 Ern.
940 3155 1002 3207 coll.
1018 3155 1072 3204 Lis.
1089 3153 1107 3202 I.
1126 3168 1150 3202 e.
1167 3167 1205 3201 ros
1221 3167 1268 3202 uec

222 3234 327 3288 laudem
351 3233 427 3304 Libys
453 3236 568 3305 rapiebat
593 3234 719 3302 bumasti,
765 3234 899 3306 expletura
925 3234 1050 3288 Rotnanis
1076 3233 1154 3302 (que
1177 3241 1266 3284 temen

220 3330 276 3368 tum
289 3312 397 3364 honoris
412 3324 438 3363 et
454 3313 532 3364 farne
548 3317 647 3386 gratia,
664 3329 719 3368 tum
765 3315 848 3368 verba
860 3319 886 3368 in
898 3315 941 3368 ed.
952 3314 1034 3367 Drulr.
1047 3327 1073 3366 et
1083 3314 1145 3365 Ern.
1158 3331 1212 3366 non
1224 3313 1265 3367 le·

221 3395 355 3466 reprimet
370 3393 400 3447 δι
412 3393 432 3444 ιί
442 3389 537 3461 srsps'dp
549 3397 629 3446 funus
641 3414 719 3449 eura·
765 3397 880 3470 guntur)
903 3399 1033 3470 inperitum
1056 3396 1167 3467 prebuit
1185 3405 1265 3449 tenu-

220 3474 266 3529 bat
276 3497 282 3526 ι
293 3477 352 3546 ipsa
363 3486 450 3526 autem
463 3474 545 3528 verba
556 3474 621 3528 nibil
634 3495 719 3549 prope
765 3495 827 3530 rein.
840 3476 900 3528 Vid.
912 3481 973 3528 Ver.
985 3476 1056 3529 beet.
1069 3507 1104 3518 -
1113 3479 1173 3544 481.
1184 3479 1262 3531 Conf.

220 3559 271 3609 nisi
283 3571 387 3608 versum
401 3555 520 3628 expiem
534 3575 594 3609 narn
608 3575 648 3611 res
661 3561 718 3631 ipsa
764 3557 820 3608 Liv.
841 3557 939 3622 XXIII,
959 3555 1007 3623 46,
1022 3570 1049 3608 ct
1065 3559 1159 3625 XXIV,
1174 3559 1216 3626 46.
1230 3567 1265 3598 -·'-

220 3656 251 3690 ex
262 3635 401 3690 antecedd.
415 3648 479 3688 nota
491 3647 561 3699 eran
577 3639 639 3690 Ern.
765 3637 801 3688 vis
812 3637 909 3699 omnis,
925 3639 1054 3690 exercitus
1067 3640 1181 3692 Nolae'in
1193 3657 1262 3709 prse-

154 3733 158 3744 ‘
254 3717 307 3786 479
319 3735 373 3789 seq.
391 3717 432 3769 Cf.
448 3719 504 3770 Liv.
519 3718 618 3781 XXVI,
632 3717 662 3782 5,
672 3714 719 3766 ubi
764 3716 834 3768 sidio
857 3716 972 3770 relictus.
982 3747 1018 3759 --
1032 3720 1091 3788 dila.
1109 3717 1172 3772 AEvi
1181 3719 1264 3794 floti-

219 3811 307 3850 tamen
316 3799 366 3868 pro
377 3799 457 3852 Fabio
468 3810 494 3850 et
505 3798 597 3850 Silano
609 3795 716 3847 Fulvius
761 3797 833 3858 dior,
845 3798 880 3848 ef.
894 3796 928 3849 ad
940 3801 965 3865 1,
978 3799 1064 3851 61.-
1072 3799 1132 3866 484.
1145 3793 1264 3866 Inpedie-

218 3891 388 3932 memoratur.
404 3911 440 3920 -
454 3889 485 3930 ut
498 3879 590 3929 scitum
596 3915 605 3940 ,
624 3875 717 3946 cogni·
763 3879 806 3930 bat
816 3895 908 3950 apertu·
920 3879 954 3930 ef.
967 3879 999 3943 V,
1015 3878 1075 3930 623.
1087 3907 1121 3917 -
1132 3875 1192 3942 486.
1210 3873 1263 3926 Ursi

219 3975 288 4026 tum,
304 3945 424 4013 audituris
437 3971 484 4010 est.
496 3985 532 3995 -
542 3954 653 4020 menia,
665 3955 717 4007 Ga·
754 3958 862 4029 juveni,
877 3957 1029 4010 Hannibali.
1043 3959 1083 4010 GI.
1097 3954 1131 4006 ad
1143 3955 1189 4020 IX,
1201 3951 1260 4006 562.

217 4061 307 4114 puam.
318 4071 352 4082 -
363 4057 416 4092 non
425 4037 551 4090 Adstabat
560 4053 597 4088 res
608 4035 665 4088 ulia
679 4037 716 4090 lo·
797 4039 857 4111 487.
877 4039 980 4102 insidis,
1000 4055 1061 4090 oum
1082 4045 1178 4106 quarto
1196 4051 1262 4087 casn

218 4140 262 4187 uo,
286 4137 388 4172 summa
412 4119 531 4170 oninium
549 4117 715 4189 perturbatio
742 4121 889 4189 junctum.
900 4118 962 4172 Vid.
976 4117 1012 4172 sd
1025 4118 1057 4184 V,
1068 4117 1122 4172 ain
1135 4117 1166 4168 V.
1177 4116 1263 4176 I..,·et
