2930 4644
338 385 401 449 ΒΕ
424 378 542 446 SILII
566 378 680 441 vtTA
703 378 767 441 ET
790 379 1021 450 CARMINE.
1143 397 1206 482 44²9

160 525 263 584 Marsi.
276 526 312 584 ln
326 521 389 582 fine
400 521 463 582 haec
478 520 638 602 leguntur:
655 543 669 574 ιι
680 519 812 578 Venetiis
824 541 878 601 per
889 521 1054 604 Baptistam
1066 526 1101 588 de
1113 532 1207 592 Tortis

162 634 391 688 uccccrxxxrrr,
403 613 452 672 die
466 632 498 671 vr
512 611 595 670 Maii.
607 633 621 664 a

200 701 374 782 Exemplari
389 697 480 781 hujus
494 696 636 758 editionis
651 695 754 755 iudea
770 696 821 758 lib.
837 699 909 773 Vll,
929 721 1000 762 usus
1014 719 1057 764 est
1069 709 1206 770 Draken-

160 787 262 850 borch.
279 791 333 870 qui
344 801 447 847 tamen
456 785 522 868 jam
536 785 576 844 ab
588 785 675 844 initio
687 787 833 846 carminis
845 786 950 848 Siliani
962 789 1102 854 lectiones
1113 798 1206 858 Marsi

161 899 232 936 curn
251 876 354 936 Modio
368 889 398 935 et
414 878 527 956 Dausq.
547 874 673 932 notavit.
694 875 799 932 Petrus
818 875 951 952 Marsus,
971 879 1066 940 Italus
1084 905 1206 964 genere,

161 989 195 1024 cx
221 969 393 1027 Marsorum
411 979 501 1046 gente
520 962 684 1038 oriundus,
706 964 845 1045 copiosos
864 987 949 1026 more
967 982 1103 1031 veterum
1128 974 1210 1036 scho-

161 1054 318 1114 liastarum
336 1052 568 1114 commentarios
584 1051 716 1132 scripsit,
732 1065 778 1110 ter
794 1053 927 1114 Venetiis
940 1055 1034 1118 editos
1050 1076 1078 1118 et
1091 1063 1210 1124 Parisiis

159 1163 287 1202 recusos.
300 1141 399 1202 Multa
415 1139 540 1222 quidem
560 1151 656 1220 poetae
676 1137 742 1198 loca
762 1139 841 1198 bene
858 1141 1035 1219 illustravit,
1056 1160 1099 1222 et,
1118 1150 1142 1207 si
1164 1151 1211 1211 ΙΙΙ.

159 1223 293 1304 Ernesti,
308 1229 549 1290 recentissimum
563 1226 625 1285 Silii
640 1227 853 1306 interpretem,
866 1233 1030 1311 exceperis,
1045 1253 1136 1294 nemo
1150 1234 1212 1297 fere

159 1319 186 1377 ei
211 1319 427 1378 anteferendus
450 1330 502 1376 est.
527 1315 583 1374 Sed
607 1313 690 1374 rudis
716 1313 904 1376 scholiorum
933 1319 1027 1380 moles
1052 1326 1214 1404 saepissime

159 1409 251 1466 etiam
270 1407 440 1486 legentibus
458 1403 617 1464 fastidium
639 1417 753 1477 movet,
773 1417 802 1462 et
821 1405 974 1485 permulta
993 1409 1041 1468 vel
1059 1411 1140 1471 male
1160 1413 1212 1472 ad-

161 1509 249 1578 ccpta
260 1509 291 1555 et
302 1517 395 1577 prave
407 1496 557 1576 exposita,
569 1491 617 1551 vel
630 1491 722 1573 plane
734 1493 870 1572 neglecta
882 1512 953 1554 sunt
965 1510 994 1556 ct
1005 1501 1123 1560 omissa.

652 1629 736 1711 1492.

202 1768 315 1828 Veneta
324 1767 364 1838 11,
378 1785 446 1824 cum
458 1765 672 1824 commentariis
681 1764 760 1823 Petri
772 1765 876 1836 Massi,
889 1765 1016 1826 infolio.
1027 1769 1064 1827 In
1075 1767 1137 1830 fine
1148 1769 1213 1832 hac

160 1851 325 1932 leguntur:
339 1877 353 1906 u
364 1853 497 1910 Venetiis
511 1871 603 1932 opera
615 1853 800 1932 ingenioque
811 1853 917 1912 Boneti
930 1855 1071 1915 Locatelli
1084 1882 1090 1916 :
1106 1860 1214 1920 instin-

161 1954 212 1998 ctu
227 1960 297 1999 vero
309 1961 345 1999 ac
359 1939 510 1998 sumtibus
524 1937 636 1998 nobilis
654 1938 710 1997 viri
723 1939 883 1998 Octaviani
897 1941 977 2000 Scoti
990 1943 1215 2020 Modoetiensis,

160 2048 245 2088 anno
261 2027 423 2088 salutifere
440 2028 661 2086 incarnationis
673 2029 871 2107 nonagesimo
883 2029 1017 2089 secundo
1036 2051 1128 2114 supra
1144 2034 1212 2093 mil-

161 2115 300 2176 lesimum
322 2138 357 2177 ac
372 2114 725 2196 quadringentesimum,
741 2115 970 2195 quintodecimo
989 2119 1142 2181 Kalendas
1160 2125 1213 2182 Ju-

162 2206 235 2265 nias.
248 2231 262 2262 n

666 2290 751 2374 1493.

200 2437 310 2498 Veneta
322 2437 383 2506 111,
395 2453 420 2493 c.
432 2433 647 2494 commentariis
659 2433 739 2489 Petri
750 2434 859 2508 Marsi,
873 2433 1003 2494 iri-folio.

199 2525 272 2584 Hac
286 2523 392 2598 editio,
405 2544 423 2582 a
435 2522 592 2582 Drakenb.
604 2535 633 2580 et
644 2520 785 2581 Fabricio
801 2524 928 2596 omissa,
943 2543 1135 2588 memoratur
1146 2531 1211 2590 Ccl·

161 2611 237 2670 lario
258 2612 291 2669 in
311 2609 432 2669 Praefat.
449 2621 481 2668 et
499 2610 604 2668 Societ.
625 2608 747 2688 Bipont.
767 2628 835 2686 qua·
855 2629 922 2667 eam
944 2613 976 2669 in
993 2613 1070 2671 Bibl.
1088 2637 1213 2698 quoque

161 2699 304 2760 Francos.
317 2699 356 2759 ad
368 2699 411 2758 M.
424 2711 539 2757 exstare
549 2696 650 2768 docet,
663 2711 692 2755 et
702 2695 808 2755 laudat
820 2697 865 2756 (tl.
879 2699 1059 2780 Lengnichii
1071 2708 1214 2789 Beytriiqe

161 2792 243 2849 Part.
263 2790 306 2865 11,
320 2810 388 2870 pag.
406 2788 470 2847 123.
483 2785 600 2846 Vellem
615 2797 734 2859 tamen,
749 2787 806 2844 viri
826 2785 905 2848 docti
920 2789 1066 2851 editiones
1082 2795 1212 2855 Venetas

160 2879 330 2937 accuratius
344 2875 425 2934 inter
436 2895 467 2933 se
478 2886 719 2955 comparassent,
736 2873 900 2954 criticaque
915 2897 986 2935 cum
1002 2899 1074 2939 cura
1093 2893 1123 2940 et
1142 2883 1211 2942 sub-

160 2963 269 3022 tilitate
281 2963 486 3022 excussissent.

200 3048 273 3110 Atia
283 3053 405 3122 Veneta,
419 3069 490 3107 ann.
501 3045 650 3133 1495,fol.
660 3068 727 3107 cunr
740 3052 953 3109 caramentariis
963 3053 1013 3111 Pii
1024 3071 1212 3118 memoratur

160 3159 193 3198 m
205 3135 396 3198 Bibliothecae
407 3136 580 3195 Barbcrinae
591 3135 753 3218 catalogo,
765 3157 861 3214 quam
873 3151 977 3198 tamon
989 3139 1103 3202 frustra
1114 3151 1210 3226 quaeri

161 3241 263 3290 monet
276 3227 395 3289 Ernesti
408 3227 440 3286 in
452 3224 529 3285 Bibl.
543 3224 595 3284 lat.
608 3224 726 3284 Fabric.
739 3239 812 3284 tom.
826 3227 869 3301 ll,
884 3249 953 3310 pag.
970 3248 1034 3311 177.

647 3354 730 3430 1504.

198 3508 301 3588 lipsio
312 3505 359 3584 (V
356 3516 429 3564 enei.
442 3501 476 3562 in
485 3499 641 3563 Drakenb.
652 3501 768 3582 Catal.)
779 3525 815 3563 ex
827 3508 988 3565 recensione
999 3509 1127 3578 Martini
1137 3511 1210 3568 Her·

162 3589 328 3673 bipolensis,
350 3589 477 3652 infolio.
498 3592 534 3650 ln
553 3587 619 3650 'fine
640 3589 702 3649 haec
724 3590 886 3672 leguntur:
912 3593 1056 3670 «Habe,
1081 3596 1209 3660 candide
1224 3642 1238 3652 .

161 3679 280 3754 Lector,
292 3679 431 3740 divinum
443 3701 520 3762 opus
532 3679 595 3740 Silii
609 3679 705 3739 italici
718 3679 756 3738 de
769 3681 901 3742 seeundo
916 3682 996 3741 bello
1011 3683 1142 3760 Punico,
1155 3707 1209 3746 no-

161 3769 235 3828 viter
258 3782 286 3828 et
307 3770 474 3830 emaculate
497 3773 678 3852 impressum
702 3790 774 3829 cura
798 3785 827 3828 et
852 3773 997 3851 impensis
1021 3772 1209 3834 Baccalaurii

162 3859 287 3918 Martini
302 3859 544 3942 Herbipolensis,
559 3882 631 3921 cum
645 3861 835 3941 argumentis
847 3861 1019 3920 Hermanni
1035 3862 1157 3924 Buschii
1176 3867 1208 3924 in

160 4083 310 4137 cubrarunt
327 4085 359 4136 P.
375 4085 566 4158 Montopoiita,
583 4087 661 4138 Pom·
706 4088 804 4138 minem
812 4086 889 4155 novi,
901 4083 1208 4159 quitypisexscriptari·

154 4165 255 4237 portius
263 4177 289 4218 et
297 4165 430 4220 Domitius
440 4166 605 4230 calderiaco,
616 4185 662 4216 ne·
707 4165 784 4220 derit.
795 4189 805 4214 n
821 4169 868 4218 Eo.

229 4273 257 4308 2.
999 4269 1031 4318 29
