2956 4670
240 245 280 376 lu
556 296 591 356 u.
613 293 741 358 situ
766 292 959 356 mamm

240 440 381 516 Emicet,
394 435 549 503 adsonirae
562 437 674 525 paucis
687 436 846 502 lustratur
856 437 891 501 in
903 435 993 502 horis

239 546 417 619 Caucasus,
431 559 464 606 et
475 541 559 608 saltu
572 542 762 607 tramittitur
773 542 850 608 alite
861 543 1007 631 Ganges,

240 652 355 714 Donec
367 648 528 712 fulmineo
542 664 653 735 partus
664 647 801 737 vestigia
812 671 912 714 cursu

242 753 406 841 conligat,
420 769 453 817 et
464 750 589 818 rabiem
601 775 722 843 prenso
735 770 906 820 consumat
918 755 952 818 in
964 751 1070 820 boste.

285 858 410 924 Obvius
422 857 500 923 huie
512 881 624 949 sparso
636 860 817 926 Centenius
828 859 958 946 agmine
970 859 1090 946 raptim

244 962 420 1043 Funditur,
432 963 579 1030 audendi
591 987 726 1054 pravus,
740 963 911 1055 facilisque
921 964 1063 1050 periclis.

244 1068 308 1137 Sed
321 1092 458 1159 parvum
470 1069 572 1136 decus
585 1069 781 1134 Hannibali:
794 1091 885 1149 nam,
901 1069 975 1134 vitis
987 1070 1115 1135 honore
1238 1074 1286 1134 465

246 1177 442 1242 Perfunctus
455 1177 570 1256 Latiae,
585 1175 694 1241 subito
706 1175 888 1240 stimularat
899 1193 1057 1264 agrestes,

244 1285 526 1370 Semierusemque
538 1303 672 1345 manuus
685 1279 896 1346 sternendam
908 1280 1075 1372 objecerat
1085 1279 1182 1345 hosti.

246 1390 298 1456 Bis
311 1405 437 1478 septem
449 1386 590 1452 demissa
604 1388 692 1464 neci,
705 1408 766 1452 nec
779 1385 923 1452 substitit
934 1409 1067 1475 agmen,

247 1495 348 1560 Millia
361 1518 368 1556 :
381 1492 432 1558 bis
444 1509 587 1580 septem,
601 1515 675 1582 quae
688 1514 755 1557 nou
768 1492 932 1560 sollertior
943 1515 1035 1570 ense,

248 1691 358 1738 adverbio
369 1690 471 1750 positum
484 1689 556 1736 videri
570 1703 660 1754 petrau
676 1691 757 1738 confer
770 1693 811 1738 int.
824 1709 845 1738 v.
860 1693 913 1756 715.
923 1717 955 1729 -
963 1691 1017 1748 dds.
1032 1689 1129 1754 Calliput
1140 1699 1163 1734 et
1174 1694 1292 1734 cousunsnt

249 1761 334 1820 scripti.
342 1757 425 1819 Vulgg.
436 1754 525 1822 cottus
536 1771 559 1804 et
570 1765 688 1806 consuunt.
698 1761 790 1816 -463,
803 1761 887 1807 Obuius
899 1763 948 1806 hinc
960 1763 1011 1808 l’ut.
1022 1787 1052 1797 -
1062 1757 1115 1816 464.
1125 1756 1246 1822 facilisque
1254 1771 1293 1818 pe·

249 1830 299 1876 n'cli
309 1831 360 1876 Pus.
376 1827 440 1891 quod
454 1832 542 1890 recepit
555 1831 636 1877 Leieb.
646 1857 676 1867 -
687 1831 741 1887 466.
755 1832 838 1878 subitos
853 1833 953 1880 malebat
967 1836 996 1879 tt.
1008 1835 1086 1880 Heius.
1099 1857 1129 1868 -
1140 1831 1193 1893 467.
1206 1833 1293 1877 Sema-

249 1915 350 1962 memque
361 1897 410 1953 alii,
421 1899 488 1942 etiam
498 1899 600 1945 Draken.
613 1899 693 1945 laeleb.
705 1901 760 1944 Era.
771 1899 816 1946 Sed
825 1902 871 1948 vid.
884 1904 914 1948 ad
925 1904 970 1959 lll,
986 1903 1020 1949 ιδ.
1030 1929 1062 1938 -
1071 1901 1124 1958 468.
1137 1903 1228 1947 dbuissa
1239 1901 1290 1944 Pus.

250 1973 278 2014 At
293 1967 339 2012 vid.
355 1978 404 2012 not.
420 1993 446 2004 -
460 1965 514 2028 469.
527 1969 554 2012 Ιιι
567 1967 613 2014 hoc
627 1967 696 2024 leco,
714 1983 783 2030 quem
795 1971 873 2034 lntpp.
888 1972 979 2020 silentio
995 1975 1184 2034 praetermittunt,
1201 1983 1293 2030 semper

250 2036 352 2084 abiendi.
365 2039 387 2082 Si
398 2035 465 2083 lectio
479 2052 533 2082 sama
546 2049 593 2094 est,
605 2049 658 2098 post
670 2037 703 2082 bs's
716 2047 800 2100 septem
813 2041 887 2102 suppl.
899 2039 997 2088 demissa
1012 2043 1070 2088 neci.
1083 2040 1127 2088 Sed
1141 2052 1225 2103 prater
1235 2038 1294 2083 benc

250 2107 357 2154 duritiem
368 2105 417 2153 elie
426 2121 520 2170 quoque
532 2121 613 2170 eaeque
624 2105 697 2152 multo
711 2107 810 2166 majores
823 2111 994 2172 concoqueudm
1007 2123 1071 2166 suut,
1083 2109 1147 2172 quod
1159 2109 1244 2156 scilicet
1257 2121 1294 2154 res

249 2179 317 2243 plene
330 2177 419 2224 diversa
431 2194 458 2225 ac
469 2193 529 2224 nova
539 2191 587 2225 taus
598 2178 696 2239 abrupte
708 2177 864 2236 subnectitur,
877 2193 899 2226 et
908 2193 977 2242 pocta
987 2198 999 2226 a
1011 2184 1105 2228 veritate
1114 2181 1221 2228 historica
1230 2179 1294 2226 nimis

251 2249 359 2296 deflectit.
371 2250 401 2294 lli
411 2249 466 2295 nodi
478 2261 553 2295 tsnsen
568 2249 613 2294 levi
626 2248 722 2310 vulgate
731 2245 847 2307 lectionis,
860 2267 911 2314 quae
926 2268 954 2298 ex
968 2251 1105 2314 compendio
1116 2254 1233 2314 scripturae
1245 2260 1295 2296 urta

250 2317 354 2374 videtur,
363 2320 491 2366 mutatione
503 2317 560 2365 solvi
569 2331 679 2380 possunt,
692 2333 715 2366 et
725 2321 761 2365 rix
773 2319 854 2366 dubito
864 2323 920 2384 quin
929 2336 997 2384 poeta
1007 2324 1136 2385 scripserit:
1149 2321 1205 2368 Plus
1213 2329 1296 2384 septem

251 2391 347 2436 &missa
363 2391 414 2436 neci
422 2391 476 2450 (uec
486 2389 586 2436 substitit
597 2392 689 2456 massa)
702 2389 785 2438 Mittin.
798 2393 837 2438 un
847 2403 931 2459 septem
944 2409 1033 2458 quoque
1046 2393 1146 2454 (scilicet
1158 2393 1241 2452 millis)
1252 2407 1296 2436 nun

254 2540 325 2613 apud
338 2554 445 2613 poetas,
459 2557 485 2596 et
496 2561 568 2595 nuuc
579 2559 640 2618 apte
652 2543 686 2598 ad
695 2545 754 2599 bes·
799 2549 869 2612 aitte,
876 2547 910 2600 ab
920 2547 1050 2614 adtonita,
1059 2547 1093 2600 ub
1101 2559 1200 2600 metum
1209 2544 1297 2597 emissi

253 2624 295 2674 tia
305 2623 472 2675 atrocitatem
482 2621 569 2676 verbis
580 2621 718 2698 expressa,
732 2627 753 2678 si
798 2629 876 2682 fetus.
891 2658 926 2670 —-
939 2629 1062 2684 lustratur
1071 2627 1208 2693 discursu,
1218 2638 1247 2678 ut
1259 2625 1296 2688 ll,

254 2721 269 2754 a
281 2701 383 2755 luxurie
398 2704 514 2775 quadam
531 2707 685 2772 recesseris,
700 2724 754 2778 qua
799 2710 864 2771 266;
876 2710 950 2783 Virg.
963 2713 1022 2764 AEn.
1035 2711 1073 2774 ll,
1086 2709 1137 2761 528
1152 2707 1187 2760 al.
1198 2737 1233 2747 -
1247 2703 1295 2770 461

253 2801 345 2835 cursus
371 2785 534 2838 celeritatem
559 2785 644 2838 tribus
668 2785 753 2838 modis
799 2786 1296 2862 sq.fnlmt'neocmsu;vid.adl,4tt.

252 2865 381 2926 variavit,
403 2867 541 2935 quamvis,
564 2884 623 2918 mee
646 2865 754 2937 quidem
799 2899 835 2908 -
847 2869 981 2941 Conliqere
993 2868 1098 2939 vestigia
1110 2865 1238 2932 exquisita
1249 2875 1298 2928 pru

254 2961 347 3007 sensu,
356 2961 446 3013 pause
456 2944 507 2994 ille
516 2943 585 2994 lroroe
594 2962 665 2995 nunc
676 2944 754 2996 valde
800 2947 930 3016 reperire,
941 2945 1066 3015 adsequi3
1076 2947 1138 2995 Ern.
1150 2940 1216 3004 4483
1227 2935 1297 2987 ⁰⁰¹¹f·

254 3023 367 3091 frigent,
379 3034 406 3073 et
419 3023 472 3072 vim
486 3039 594 3072 summae
612 3023 755 3076 celeritatis
800 3024 865 3076 Stat.
876 3021 960 3076 Theb.
974 3015 1234 3091 v111,577;cie.ad
1248 3016 1297 3067 lle-

256 3111 282 3149 et
292 3101 406 3168 impetus
419 3099 567 3171 infringunt
574 3119 581 3159 ;
594 3101 657 3151 Eru.
668 3101 757 3152 Enim·
800 3119 857 3154 reu.
869 3103 913 3166 Ν,
926 3101 941 3152 8
954 3099 988 3150 al.

255 3195 319 3230 vero
337 3177 452 3230 luxuries
469 3179 515 3229 illa
529 3176 654 3231 hocloco
670 3182 756 3232 minus
836 3179 896 3246 463.
908 3180 985 3231 Cuni.
996 3179 1052 3231 Liv.
1065 3177 1147 3243 XXV,
1161 3189 1226 3246 19et
1238 3193 1294 3249 sup.

257 3253 396 3326 displicet,
409 3253 455 3307 ubi
466 3255 608 3308 celeritatis
618 3259 693 3308 notio
705 3275 756 3329 po·
802 3258 837 3311 ad
850 3275 875 3309 v.
890 3275 921 3328 ²7
934 3275 989 3330 seq.
1002 3274 1065 3308 nam
1080 3273 1121 3308 res
1134 3275 1150 3309 a
1162 3255 1225 3310 Silio
1240 3277 1296 3311 me·

257 3337 386 3388 tissimum
399 3351 456 3389 arat
468 3337 656 3409 exprimenda,
669 3357 756 3410 neque
801 3351 902 3390 murata
917 3337 950 3390 ab
962 3336 990 3388 h.
1002 3335 1019 3387 l·
1031 3335 1117 3389 aliena
1129 3349 1177 3390 est.
1190 3367 1225 3378 --
1236 3339 1296 3408 464.

256 3435 347 3489 paucoe
376 3417 445 3470 boroe
473 3414 617 3471 admodum
645 3419 757 3490 frigent,
796 3418 888 3490 facilis
897 3417 1015 3490 periclis,-
1030 3416 1083 3469 vid.
1099 3417 1132 3470 ad
1148 3417 1244 3483 l,615.

259 3501 385 3570 quoniam
412 3497 445 3552 de
464 3498 600 3563 Caucaso,
630 3499 757 3550 altissimo
838 3497 889 3566 465
901 3517 955 3569 seq.
978 3499 1036 3551 vitis
1051 3498 1254 3565 iuuentute,
1270 3511 1299 3549 ut

258 3581 326 3631 Asiae
343 3592 434 3631 munte
454 3598 484 3631 ec
500 3590 577 3650 parte
594 3579 692 3644 Tauri,
711 3578 757 3649 qui
802 3577 910 3646 v1,43,
924 3576 970 3630 uhi
986 3597 1011 3630 v.
1029 3592 1084 3630 uot.
1096 3608 1132 3618 —
1145 3589 1298 3654 agrestesse·

259 3658 336 3709 simul
347 3659 480 3730 designari
491 3659 605 3726 videtur,
612 3676 698 3711 sermo
709 3671 756 3712 est.
775 3691 777 3694 -
802 3659 986 3732 miermemqsse
1001 3679 1124 3720 marsum
1136 3678 1161 3710 v.
1174 3661 1229 3710 Liv.
1245 3657 1264 3708 l.
1276 3675 1297 3708 c.

259 3737 337 3788 Gont.
351 3737 416 3790 Plin.
430 3740 503 3806 Vnt,
519 3739 564 3804 18,
577 3757 623 3792 seu
636 3737 681 3802 25;
692 3738 757 3792 Stet.
838 3737 898 3808 468.
914 3739 1021 3792 desnissa
1033 3741 1104 3801 necs',·
1114 3758 1137 3791 v.
1150 3737 1223 3803 adl,
1239 3737 1296 3807 439.

259 3815 344 3869 Theb.
357 3817 544 3890 lV,316seq.;
559 3819 707 3892 Dempster.
724 3819 758 3872 ad
803 3850 838 3860 —
858 3837 905 3871 nec
928 3820 1036 3873 substitit
1059 3835 1153 3893 cymen
1177 3816 1298 3878 victoris,

259 3897 349 3950 Rosia.
359 3897 448 3969 Antiq.
459 3897 535 3950 llum.
549 3899 585 3964 ll,
600 3915 626 3950 ιι
641 3913 666 3952 et
678 3917 759 3973 supra
803 3898 967 3952 Hannibalis.
982 3899 1024 3952 ct.
1037 3918 1062 3950 v.
1078 3901 1125 3966 47¹
1140 3913 1179 3966 sq.
1192 3925 1229 3934 -
1239 3895 1296 3966 469.

261 3975 296 4028 ad
307 3975 352 4040 lV,
365 3975 412 4029 331
428 3995 467 4050 sq.
476 4007 510 4017 -
521 3975 582 4049 459.
595 3979 695 4032 Emicat
703 4019 712 4046 ,
730 3993 759 4032 ut
804 3979 845 4030 cf.
857 3979 914 4030 tiv.
925 3979 1008 4044 XXV,
1021 3996 1051 4030 st
1062 4015 1070 4041 ,
1082 3990 1107 4029 et
1117 3977 1178 4028 Ver.
1188 3975 1298 4027 Lect-

255 4059 284 4130 ll
291 4094 298 4122 ,
310 4055 376 4122 asu,
392 4056 439 4124 111,
454 4057 488 4111 85
496 4079 503 4120 ;
516 4057 560 4125 lv,
574 4058 624 4126 468
637 4057 670 4111 sl.
683 4059 759 4114 adte-
804 4079 857 4114 nen
868 4059 1077 4126 sollertiorem,
1093 4055 1165 4131 apud
1176 4055 1230 4111 Ltv.
1244 4055 1262 4108 l.
1277 4073 1297 4106 u
