2872 4644
274 415 337 500 ⁴⁸8
686 413 897 482 BUSCHtl

307 562 447 642 inperat,
458 569 488 618 et
498 555 593 639 longe
604 555 711 618 clausis
724 578 779 617 sua
792 555 921 634 loedera,
934 557 1035 639 longe

307 649 477 710 Ausoniam
489 647 568 723 iore,
581 669 637 709 uec
648 648 745 708 venia
757 669 841 730 spem
854 649 952 710 Marte
962 647 1121 709 subactis.

285 771 290 778 ·
306 739 387 798 'l'um
399 737 541 798 Patribus
553 734 702 817 clarisque
713 756 821 796 senum
833 756 887 796 sua
900 737 1012 796 munia
1026 755 1127 795 curae.

308 825 521 898 Concurrunt,
532 823 686 904 lectosque
695 823 778 884 viros
789 821 970 901 hortantur,
983 837 1018 885 et
1031 834 1148 897 orant,

306 913 436 976 Delessis
447 913 576 974 subeant
587 913 677 973 rebus
688 932 842 995 muroque
853 915 965 974 ruenti.

306 1007 360 1068 rlst
371 1003 417 1064 illi
428 1003 575 1078 celerant,
587 1024 650 1085 qua
661 1003 799 1087 proxima
810 1002 914 1079 litora,
926 1024 1090 1085 gressum,

305 1095 346 1154 Et
356 1093 482 1176 lugiunt
492 1092 613 1153 tumido
624 1113 678 1175 per
690 1113 817 1176 spumea
831 1092 943 1154 carrula
953 1094 1046 1170 velo,

307 1183 414 1244 Donec
425 1185 591 1243 Laurentes
602 1183 714 1265 puppis
725 1180 863 1244 defertur
874 1182 913 1243 ad
926 1203 1007 1243 oras.

306 1270 482 1333 Concilium
496 1285 586 1332 vocat
597 1282 778 1350 augustum,
791 1283 933 1352 castaque
945 1269 1058 1331 beatos

306 1361 488 1442 Paupertate
499 1359 618 1434 Patres,
631 1379 666 1418 ac
678 1359 808 1419 nomina
821 1371 908 1440 parta
920 1356 1098 1442 triumphis

305 1448 436 1524 Consul,
447 1455 480 1510 et'
488 1459 662 1530 aeqrrantem
674 1447 804 1530 Superos
816 1447 929 1508 virtute
940 1449 1107 1508 Senatum.

305 1536 381 1597 lude
392 1537 511 1618 agitant
522 1534 662 1596 consulta
675 1537 792 1611 Patras,
806 1555 955 1616 curasque
965 1535 1117 1618 fatigant.
1207 1567 1215 1580 ·

708 1686 809 1728 urunt
833 1688 873 1726 lh

344 1791 517 1868 Hannibal,
529 1805 565 1853 ut
576 1794 673 1854 cernit
683 1793 804 1852 Latiam
816 1811 872 1874 per
883 1789 996 1852 caerula
1007 1789 1088 1852 velis

304 1881 474 1942 Adventare
485 1893 598 1956 ratam,
609 1891 640 1942 et
651 1879 797 1940 mandata
810 1877 932 1940 adferre
943 1879 1092 1955 Senatus,

303 1970 483 2052 Obstrepere
495 1970 637 2030 Ausoniis
648 1969 739 2030 lituos
747 1968 835 2051 jubet
847 1992 853 2028 :
868 1969 953 2028 ocius
965 1967 1010 2030 iili

302 2059 348 2120 Ad
362 2079 466 2119 muros
477 2069 605 2119 vertunt
616 2059 675 2118 iter
687 2056 816 2118 infelicis
828 2057 941 2120 Elissae.

303 2144 436 2226 Adjuvat
447 2165 534 2204 arma
546 2143 653 2228 Libys,
667 2145 892 2206 Garamantum
904 2146 1033 2228 praedita
1045 2147 1183 2232 acceptio,

303 2234 431 2316 Asbyte:
444 2231 527 2294 hanc
536 2229 662 2296 Theron
674 2233 916 2296 clavadeturbat
926 2235 966 2294 ab
977 2236 1039 2296 alto

304 2324 473 2386 Bellantem
484 2344 577 2386 curru
589 2347 595 2383 :
607 2325 718 2408 Tyrius
729 2345 822 2407 quem
834 2323 947 2386 ductor
957 2338 1104 2389 orantem

303 2413 441 2496 Virginis
452 2413 605 2474 exstinctu
618 2412 737 2496 spoliis,
751 2413 958 2496 praeturbidus
969 2415 1028 2492 ira,

303 2504 457 2585 Occupat,
468 2514 499 2563 et
507 2500 568 2564 leto
581 2501 724 2578 damnat,
737 2502 892 2584 mittitque
904 2505 1045 2566 vicissim.

303 2593 422 2654 interea
433 2592 555 2674 Libycis
567 2591 675 2654 indicit
685 2591 765 2653 bella
778 2592 917 2676 profanis

302 2684 383 2744 Cum
396 2682 475 2743 socio
488 2681 617 2742 Fabius:
631 2681 765 2764 clipeum
777 2681 865 2742 fulvo
877 2703 937 2743 aere
949 2683 1118 2748 micantem

302 2771 427 2832 Callaici
439 2769 561 2831 donant
572 2771 664 2852 Regi:
678 2769 801 2854 delapsa
813 2773 985 2852 Saguntum

302 2859 392 2921 Alma
403 2859 490 2920 Fides
503 2858 613 2943 populi
626 2859 817 2942 penetrando
830 2875 952 2942 pectora
964 2860 1086 2922 firmat:

303 2950 366 3029 Qui
377 2970 408 3010 se
419 2969 492 3010 mox
503 2968 584 3012 suro
595 2969 650 3033 per
661 2949 803 3016 flammas
815 2951 921 3012 eximit
932 2947 1025 3012 hoste.

699 3087 880 3129 truurrrn

344 3198 514 3281 Postquam
525 3200 608 3262 clara
619 3202 694 3282 lide,
707 3205 805 3268 Poeno
818 3206 876 3268 sub
886 3205 998 3281 Marte,
1010 3205 1163 3289 Saguntos
1190 3229 1193 3238 ·

301 3286 395 3360 Arsit,
408 3286 447 3346 ad
459 3288 643 3354 Hammonis
655 3295 795 3354 scitatum
809 3292 931 3355 oracula
944 3295 1050 3354 Bostar

300 3376 448 3453 Mittitur,
460 3389 496 3437 ut
507 3380 628 3464 Superis
639 3403 783 3465 quaenam
797 3385 837 3444 sit
847 3382 907 3444 fixa
920 3383 1064 3445 voluntas

299 3467 433 3548 imperio
445 3487 549 3550 super,
562 3485 592 3532 et
604 3493 707 3533 rerum
719 3475 854 3534 novitate
865 3485 1008 3557 reportet
1039 3471 1042 3478 '

301 3555 369 3637 lpse
379 3553 417 3614 ad
429 3554 544 3618 vicinos
555 3559 667 3619 ductor
680 3579 751 3622 cum
764 3561 896 3643 conjuge
908 3560 1007 3620 Gades

300 3645 445 3725 Navigat,
458 3659 488 3706 et
499 3648 602 3728 spoliis
614 3660 722 3708 onerat
732 3647 881 3710 feralibus
893 3670 960 3710 aras

298 3735 481 3796 Herculeas:
495 3751 563 3819 post
574 3735 640 3798 haec
652 3759 756 3800 caram
769 3741 889 3823 seponit
901 3740 941 3799 ab
952 3741 1046 3800 armis

300 3826 380 3886 Cum
394 3845 505 3906 puero,
518 3823 663 3886 nondum
674 3827 721 3889 bis
733 3829 798 3889 seni
810 3829 936 3904 mensis,
949 3827 1094 3890 lmilcen:

299 3911 339 3970 Et
350 3930 430 3970 nova
442 3931 515 3970 mox
527 3911 640 3993 petitur
652 3913 806 3996 Carthago
817 3916 908 3976 classe
921 3937 975 3997 per
987 3915 1095 3976 undas.

299 4001 398 4078 Atque
409 3996 458 4058 hic
470 4011 623 4060 nocturna
635 4006 731 4085 specie
743 4004 883 4064 mirabile
896 4016 1070 4064 monstrum

298 4083 397 4156 Vidit,
410 4085 443 4143 in
456 4084 594 4146 Italicam
607 4090 770 4150 stimulans
782 4091 846 4152 fera
860 4107 980 4172 pectora
992 4103 1125 4171 gentem.

297 4171 451 4248 Quocirca
463 4173 635 4238 innumeris
646 4179 786 4240 Romana
798 4181 831 4239 in
846 4179 951 4261 praelia
963 4179 1072 4240 turmis
1104 4229 1112 4240 .
