2872 4644
316 357 379 444 492
732 363 946 432 BUSCHII

351 498 510 578 Desidets
503 505 639 566 invisum
650 525 753 587 regern
765 507 953 569 obtruncare
967 509 1116 591 parabat

351 584 519 650 confidens
531 592 628 651 animi
635 591 772 674 juvenis,
784 609 986 678 coeptumque
999 595 1126 656 minaci

350 672 431 736 Ense
443 691 590 758 patrasset
602 701 695 763 opus,
709 682 743 742 ni
755 703 785 742 se
796 686 941 744 tenuisset
952 697 1096 744 euntem

351 763 480 827 Pactulo
492 771 623 850 genitor.
636 769 756 832 Dehinc
767 785 858 833 natus
871 775 1060 835 Hamilcare
1074 771 1106 832 fi·
1107 787 1205 833 atrem

350 852 461 932 Mittit,
474 873 509 918 ιιι
521 857 558 918 ad
571 862 679 942 patriae
691 861 818 946 cupidas
829 860 895 923 hec
906 865 1040 924 nuntiet
1053 883 1166 936 aures,

351 941 545 1026 Pugnatum,
556 961 587 1009 et
597 950 721 1013 Cannas
733 948 838 1013 hostili
850 951 931 1012 caede
942 953 1097 1036 repletas.

744 1107 844 1148 urunt
867 1108 931 1148 111

391 1210 410 1269 J
411 1230 462 1270 am
474 1210 637 1297 Zephyro
628 1236 662 1276 ιιι
673 1225 769 1276 terras
779 1214 855 1275 flatu
868 1215 1016 1276 redeunte
1030 1215 1174 1298 tepenti,

351 1297 456 1360 Hostis
468 1301 678 1389 Parthenopes
689 1304 728 1365 ad
741 1326 847 1366 muros
860 1307 986 1386 agmina
998 1305 1107 1366 ducit.

352 1386 465 1448 Inritus
477 1386 551 1452 hinc
562 1396 654 1477 coepti
666 1396 781 1455 Cumas
793 1395 886 1478 petit:
901 1395 973 1455 inde
985 1393 1155 1477 profectus

353 1474 452 1536 Marte
462 1479 673 1542 Dicarebaeam
685 1495 773 1564 parat
784 1484 937 1564 exagitare
946 1481 1132 1565 juventam.

352 1563 434 1625 Hinc
446 1583 551 1630 movet
562 1569 601 1632 ed
612 1573 766 1654 trepidam
779 1573 854 1634 belli
866 1572 1032 1634 molimina
1047 1569 1190 1632 Nolam.

352 1651 498 1716 Marcello
511 1656 640 1720 sedtum
653 1659 768 1722 fractus
781 1661 949 1742 pulsusque
961 1661 1100 1720 recessit.

351 1740 498 1805 Strenuus
510 1759 540 1806 et
551 1746 662 1809 Sardos
672 1759 791 1809 tutatur
802 1748 842 1808 ab
854 1747 943 1808 hoste
954 1748 1094 1830 Libysso

351 1829 545 1911 Torquatus:
558 1837 682 1897 miseras
695 1835 806 1897 ardeus
818 1835 957 1896 incendit
968 1835 1101 1896 Acerras

287 1969 290 1974 .
353 1918 532 1983 Hannibal.
526 1925 619 1986 inde
630 1939 701 1988 tuos
705 1927 863 2009 ,peritura
874 1925 984 1986 Petilia
991 1943 1144 2002 ,muros,

352 2005 392 2065 Et
402 2007 505 2072 demta
517 2013 679 2075 madidum
691 2014 766 2075 luxu
778 2015 860 2098 capit
870 2034 939 2074 arce
950 1971 1138 2074 Tarentum.

353 2097 415 2157 Nec
428 2120 494 2160 non
506 2114 535 2163 et
547 2107 687 2191 Capuam
699 2106 770 2167 totis
778 2103 846 2187 jam
856 2103 976 2165 viribus
988 2115 1106 2185 urguet

355 2187 519 2252 Dardanus
530 2178 702 2256 obsessam.
696 2216 812 2278 ·qnam
825 2215 923 2296 quum
937 2213 1073 2254 recreare
1087 2187 1193 2251 soluta

355 2276 528 2342 Obsidione
539 2284 662 2364 nequit,
674 2285 807 2344 Romam
819 2283 882 2343 ruit
894 2302 963 2342 acer
973 2281 1010 2341 ad
1024 2279 1127 2340 altam

356 2367 475 2446 Hostis,
487 2381 525 2432 ut
535 2393 693 2434 armorum
705 2371 786 2436 fecto
798 2382 920 2457 premat
932 2371 1006 2432 orbe
1016 2367 1167 2430 vicissim.

741 2532 844 2574 trent
866 2531 947 2572 ¹111.

396 2632 553 2695 Moenia
524 2657 576 2697 vix
587 2635 683 2699 bostis
694 2636 821 2699 defensa
831 2657 936 2698 versus
948 2635 988 2695 ab
1000 2635 1078 2696 urbe

340 2723 489 2785 ‘Cernere
500 2723 644 2801 desierat,
657 2725 760 2786 subito
772 2747 871 2808 quum
883 2725 973 2807 signa
984 2721 1132 2784 movendi

357 2813 471 2873 Incidit
481 2812 520 2874 ad
533 2835 640 2876 muros
652 2816 766 2878 iterum
778 2816 871 2877 calor.
885 2818 958 2877 lsset
969 2827 1000 2873 et
1012 2813 1085 2872 illuc

357 2902 485 2985 Propter
497 2903 688 2982 Palladium,
701 2907 735 2967 ni
748 2927 866 2967 sacram
877 2907 1014 2988 Agrippa
1027 2911 1169 2982 negasset

358 2991 448 3052 Posse
459 2992 679 3074 eap1QR0mam
692 2995 784 3076 Rapit
795 3013 867 3074 ergo
880 2993 971 3052 inde'
964 2993 1070 3073 inpius
1082 3005 1184 3057 arma,

357 3081 398 3140 Et
407 3095 437 3140 te
448 3101 520 3141 cum
531 3081 627 3172 pleno
638 3084 763 3168 spoliat,
775 3085 922 3158 Feronia,
934 3082 1023 3153 luc03

357 3169 559 3251 Litoreosque
572 3173 661 3253 petit,
674 3193 753 3254 quos
765 3171 856 3231 vernt
866 3171 1002 3230 Bruttius
1008 3188 1129 3250 ,.agros

358 3255 485 3318 Fulvius
496 3256 571 3320 hine
583 3261 724 3345 Capuam
735 3259 869 3337 rediens,
880 3257 1070 3346 tandemque
1080 3255 1235 3316 subactam

358 3348 472 3422 Intrat,
484 3357 514 3406 et
525 3284 648 3409 infidip
629 3351 722 3434 punit
732 3348 896 3411 commisse
908 3347 1045 3406 Senatus.

357 3434 463 3497 Tristis
475 3437 527 3497 sed
538 3440 680 3520 geminos
691 3437 835 3521 (quando
846 3435 932 3497 baec
924 3449 967 3495 rte
978 3435 1133 3515 aguntur)
1121 3429 1228 3513 )lber³

359 3525 516 3610 Scipiadas
527 3541 608 3590 terra
620 3529 696 3588 Fors
708 3527 844 3588 abstulit.
856 3522 959 3586 infera
971 3535 1095 3582 maestus

359 3615 459 3698 Scipio
468 3621 563 3696 regna
575 3615 675 3691 subit,
685 3635 770 3676 caras
781 3615 836 3676 ubi
848 3612 995 3675 convenit
1006 3609 1135 3670 umbras

360 3705 400 3765 Et
411 3705 526 3781 Patris,
538 3722 569 3766 et
580 3706 700 3810 Patrai,
712 3719 744 3767 et
753 3705 861 3767 Matris
872 3703 939 3765 loca
951 3702 1021 3762 loeta
1032 3709 1177 3759 tenentes.

360 3796 458 3856 Discit
469 3811 499 3857 et
509 3796 652 3872 eximios,
664 3817 740 3879 quos
752 3794 908 3880 sponderit
917 3793 980 3854 fata
987 3785 1190 3871 ,triumphos

748 3949 850 3990 unni
872 3947 945 3989 xit.

402 4063 543 4131 Nascitur
554 4060 628 4124 binc
639 4063 778 4126 bellum
767 4064 889 4166 juvenis
902 4073 972 4144 post
982 4059 1048 4120 fata
1060 4051 1197 4139 manni.

365 4149 504 4230 Hispano
516 4152 642 4213 veniens
655 4150 709 4211 ubi
721 4153 807 4212 terris
819 4170 935 4234 nomen
947 4149 987 4210 ab
999 4165 1090 4208 amne
