2930 4644
253 353 317 436 ns
580 347 965 416 oouuauutrro

231 557 233 564 ¹
249 516 310 558 esse
323 489 451 575 putabat
464 485 573 548 Cellar.
587 488 620 548 in
633 487 722 548 Praef.
737 489 836 549 Nemo
848 487 1003 550 editorum
1014 510 1085 550 eam
1096 490 1145 551 vel
1156 484 1328 562 vidia-vd

249 579 400 653 contulit,
423 589 549 658 excepto
570 574 649 636 forte
667 576 731 635 Nic.
753 577 892 648 Heinsi03
913 597 986 636 nam
1005 577 1176 639 editionem
1197 577 1325 636 Homa-

250 693 341 746 nam,
365 691 402 731 ex
424 689 487 751 qua
509 668 689 727 varietatem
710 664 847 730 lectionis
867 665 1020 742 exhibuit,
1044 689 1112 728 uon
1132 669 1322 728 Romanam

250 761 422 849 principem
438 756 484 819 vel
502 754 683 832 secundam,
702 754 754 817 sed
766 754 848 816 banc
862 759 999 831 tertiam,
1017 754 1079 832 vel,
1091 777 1161 839 quae
1175 776 1248 816 mox
1265 775 1322 814 re-

249 849 437 922 censebitur,
455 857 600 927 quartam
618 843 713 914 fuisse
728 846 879 926 suspicor,
899 845 1051 926 quoniam
1067 867 1086 905 a
1098 843 1319 927 superioribus

250 943 325 1015 illis,
339 957 473 1022 quarum
484 934 626 996 lectiones
637 932 795 994 Drakenb.
808 947 837 994 et
849 933 952 994 beleb.
965 947 1132 1010 notarunt,
1147 932 1321 1015 quamplu-

251 1033 336 1093 rimis
353 1027 387 1086 in
405 1026 478 1086 locis
494 1022 629 1084 discedit.
647 1025 729 1084 Hinc
742 1023 836 1083 etiam
852 1023 885 1083 in
898 1024 989 1083 Varr.
1003 1023 1097 1084 Lectt.
1114 1045 1182 1084 eam
1201 1021 1319 1082 editio·

251 1143 338 1196 nem,
360 1137 423 1198 qua
442 1114 506 1174 Nic.
528 1113 673 1174 Heinsius
694 1133 766 1172 usus
787 1126 846 1188 est,
869 1113 953 1174 Rom.
974 1113 1007 1188 3,
1028 1114 1075 1174 vel
1097 1116 1132 1172 lt.
1152 1113 1171 1173 3
1191 1111 1316 1172 vocavi.

252 1215 365 1276 Utrum
382 1226 454 1266 vero
474 1205 611 1277 tertiam,
631 1223 672 1263 an
689 1215 835 1285 quartam
854 1203 1027 1262 Romanam
1044 1203 1225 1286 inspexerit,
1243 1221 1316 1262 non

144 1341 150 1350 ι
252 1303 349 1368 babeo
367 1298 475 1359 dicere.
495 1292 665 1375 Explorent
683 1291 741 1354 boc
759 1294 798 1368 ii,
817 1293 929 1375 quibus
948 1292 1019 1352 libri
1037 1292 1077 1353 ad
1096 1313 1209 1354 manus
1226 1304 1317 1352 sunt.

252 1396 396 1454 Ceterum
409 1384 520 1457 miror,
532 1379 614 1440 banc
626 1383 830 1463 suspicionem
843 1401 944 1442 meam
958 1381 1077 1442 nemini
1089 1394 1162 1442 ante
1173 1402 1224 1441 me
1235 1381 1316 1440 ind·

252 1481 347 1553 disse,
363 1490 530 1552 omnesque
544 1467 726 1544 editionem,
739 1489 835 1551 quam
850 1470 994 1530 Heinsius
1011 1470 1157 1530 manibus
1173 1487 1317 1530 versave-

254 1574 309 1646 rit,
331 1588 388 1651 pro
409 1566 549 1623 Romana
571 1561 710 1643 principe
732 1559 889 1635 babuisse,
910 1581 1007 1642 quam
1027 1575 1188 1642 propterea
1210 1558 1250 1618 ab
1275 1579 1315 1618 eo

254 1659 334 1724 male
348 1654 494 1719 collatam
512 1671 574 1711 esse
592 1650 705 1732 passim
725 1651 868 1712 observat
886 1649 1035 1734 chebure,
1055 1653 1110 1731 qui
1127 1649 1204 1710 alias
1223 1650 1257 1709 in
1278 1667 1316 1708 ea

253 1751 401 1812 lectiones
414 1738 667 1825 deprehenderat.

745 1827 830 1904 1480.

295 1929 433 1988 Romano
446 1919 500 1992 W,
514 1914 638 2000 ira-solio.

295 2014 388 2074 Hunc
403 2025 529 2088 quoque
546 2003 662 2066 librum
680 2026 779 2087 neque
795 2027 813 2066 a
829 2001 986 2066 Drakenb.
1005 2025 1105 2086 neque
1118 2025 1137 2064 a
1148 2023 1313 2085 quoquam

256 2101 317 2162 alio
334 2097 487 2159 editorum
503 2090 540 2150 ad
558 2090 665 2152 Silium
685 2092 915 2154 emendandum
934 2094 968 2152 in
987 2093 1150 2154 consilium
1167 2105 1314 2152 vocatum

255 2211 333 2265 me,
347 2180 484 2266 estquod
497 2177 666 2242 doleamus.
679 2181 749 2242 Vid.
762 2195 866 2244 tamen
882 2197 989 2245 notata
1002 2183 1041 2242 ad
1057 2183 1129 2244 edit.
1142 2181 1274 2265 praeced.

746 2309 830 2387 1481.

299 2411 431 2480 Parmoe,
444 2400 570 2488 irs-folio.

297 2499 399 2562 Editio
414 2491 662 2578 prestantissima
679 2503 709 2550 et
727 2491 896 2568 rarissima,
915 2513 932 2551 a
949 2491 1014 2552 solo
1031 2489 1097 2552 Nic.
1110 2491 1237 2551 Heinsio
1249 2491 1313 2549 visa

258 2605 290 2655 et
301 2587 420 2652 collata.
432 2582 501 2642 Vid.
514 2578 670 2640 Drakenb.
688 2579 809 2641 Praefat.
824 2582 1011 2663 Plerumque
1025 2595 1129 2642 tamen
1141 2601 1215 2641 cum
1227 2581 1312 2640 Rom.

261 2704 307 2768 pr.
320 2677 484 2750 consentit,
497 2685 573 2734 etex
585 2691 620 2731 ea
630 2667 754 2747 forsan,
766 2669 816 2731 vel
829 2693 866 2733 ex
876 2670 985 2733 eodem
996 2671 1084 2732 fonte
1096 2671 1193 2733 fluxit.

745 2793 829 2870 1481.

302 2926 483 3000 Mediolani,
502 2919 624 3005 itt-solio.
639 2921 676 2980 ln
694 2918 758 2980 fine
775 2918 840 3000 ejus
862 2918 927 2982 baec
945 2919 1108 3003 leguntur:
1129 2921 1212 2980 “Hic
1230 2917 1311 3001 syltii

261 3019 358 3082 Italici
378 3013 485 3086 eodm,
505 3011 646 3091 quamvis
667 3022 742 3070 esset
762 3011 870 3070 Romae
890 3012 1109 3093 impressorum
1130 3009 1312 3092 negligentia

261 3105 366 3170 multis
379 3106 413 3163 iu
426 3102 500 3162 locis
511 3100 709 3182 depravatus,
724 3097 900 3180 recognitus
912 3112 957 3160 est
969 3099 1008 3160 ab
1021 3098 1128 3160 eodem
1142 3099 1233 3158 Petro
1246 3099 1311 3156 Jus-

261 3197 328 3257 tiuo
342 3186 487 3262 Philelfo,
503 3199 538 3246 ut
556 3186 717 3249 nonnullis
730 3187 835 3248 amicis
854 3189 916 3248 suis
931 3187 1168 3270 obtemperaret,
1187 3185 1311 3268 septimo

262 3281 335 3346 ldus
354 3277 549 3340 Novembres.
570 3277 727 3359 Impressit
746 3291 850 3336 autem
868 3277 1034 3340 Mediolani
1056 3277 1208 3337 Antonius
1226 3275 1310 3334 Zoro

262 3371 350 3448 tbus,
379 3389 473 3453 opera
499 3379 529 3428 et
555 3365 711 3449 impendio
739 3364 891 3428 Jobannis
918 3368 1077 3448 legnani:
1103 3371 1189 3426 anno
1211 3364 1311 3425 salutis

266 3475 462 3524 mcoccaxxx.
478 3475 585 3517 rnruo.
600 3473 723 3514 aaaron.
741 3473 901 3516 aeurvoaa.
914 3473 1001 3516 viae.
1017 3473 1207 3514 sannarum»

303 3551 394 3612 Hanc
406 3548 590 3620 editionem,
601 3563 697 3624 quam
710 3543 815 3604 itidem
829 3565 864 3604 ex
877 3545 965 3606 Rom.
980 3566 1037 3626 pr,
1049 3544 1090 3603 ab
1101 3551 1164 3625 qua
1175 3563 1247 3603 raro
1258 3539 1310 3601 dis·

265 3652 383 3724 crepat,
394 3653 565 3719 expressam
576 3633 712 3713 suspicor
720 3632 775 3712 (r),
790 3631 922 3692 contulit
934 3629 1167 3694 Drakenborch
1179 3647 1186 3672 t

726 3757 820 3837 uss(
840 3761 860 3840 ).

269 3957 272 3966 ,
307 3891 419 3956 Veneta
441 3887 472 3961 l,
499 3880 629 3946 infolio.
653 3884 752 3969 Sylius
774 3883 891 3948 Italicus
913 3907 980 3948 eum
1003 3847 1217 3972 commendetis
1238 3881 1311 3942 Psoi

301 4076 341 4146 (ι)
355 4073 389 4125 Et
402 4070 455 4123 boc
469 4072 556 4124 innuit
574 4069 712 4127 Fabricius
725 4075 767 4126 Bi·
846 4071 1048 4144 (2)Fabrieius,
1058 4069 1077 4121 l.
1086 4067 1103 4121 l.
1113 4065 1258 4121 antsbuno
1267 4081 1307 4118 an·

265 4153 359 4209 bliotb.
372 4151 402 4203 T.
418 4151 456 4218 ll,
468 4169 496 4223 p.
513 4151 570 4220 ¹7⁴·
583 4151 628 4202 Eu
792 4199 796 4206 ,
811 4167 876 4202 num
885 4162 1017 4204 eanorat:
1031 4171 1043 4195 ι
1054 4145 1252 4233 qaeipsilium
1259 4141 1308 4196 ela·
