2872 4644
251 351 315 422 500
622 337 897 403 rnnrnrro

251 493 358 560 tilium
367 484 517 554 molestie
522 478 683 573 judiciive
691 479 833 546 acuendi
843 481 913 546 sole
922 478 1297 562 molitione,heudcon

251 606 336 672 sulto
353 594 703 690 procedam-quando
720 593 857 684 quidem
874 595 962 659 ineu
980 609 1088 660 aetete
1106 595 1180 682 ipse
1196 615 1296 661 natura
1374 631 1375 676 t

250 739 317 784 non
332 715 494 780 rationem
509 727 542 774 et
553 708 718 799 judicium
732 708 809 772 setis
823 708 956 772 firmum
970 708 1090 788 finxit,
1109 707 1173 774 sed
1188 710 1297 797 ingenii
1375 715 1377 790 i

252 833 336 900 vires
349 799 392 896 eri
406 822 611 914 recipiendas
625 825 789 894 variarum
803 845 915 888 rerum
930 823 1110 902 notiones,
1130 839 1243 888 mente
1255 845 1296 886 re
1377 799 1379 848 i

250 945 441 1018 condendus
458 961 492 1010 et
507 940 735 1020 asservandus,
753 939 924 1028 fingendus
937 940 1016 1005 elius
1035 963 1082 1006 ex
1099 941 1176 1006 eliis
1194 959 1227 1006 et
1241 963 1299 1006 ore·

250 1070 342 1138 tione
361 1061 547 1131 reddendus
565 1059 813 1148 attemperavit:
833 1057 1071 1147 occupandum
1090 1059 1214 1148 utique
1229 1057 1298 1122 illud

252 1208 324 1252 esse
343 1179 474 1249 videtur
491 1177 599 1267 primo
614 1176 689 1241 loco
707 1176 813 1240 omnis
831 1169 974 1263 generis,
994 1190 1132 1241 naturae
1149 1177 1297 1264 artisque,

253 1297 426 1368 nouom'bus
446 1279 793 1384 undique-colliqendis
809 1308 842 1356 et
861 1293 1031 1356 memoriae
1049 1289 1251 1380 infigendis;
1268 1308 1298 1356 ut
1381 1309 1382 1326 ¹

252 1413 338 1482 adsit
354 1408 533 1502 aliquando
550 1410 693 1472 materies
710 1406 829 1472 idonee
846 1425 881 1470 et
896 1409 974 1472 satis
990 1431 1117 1498 magne
1134 1409 1298 1473 notionum
1381 1493 1382 1496 Ἴ

166 1593 169 1600 ,
254 1527 362 1617 copie,
380 1521 514 1614 quando
530 1519 573 1586 ed
588 1521 810 1610 generalium
822 1521 975 1587 notiones
990 1522 1165 1587 institutio
1177 1542 1296 1610 procer

255 1644 346 1722 serit,
368 1657 402 1706 et
419 1657 580 1729 perpetua
599 1653 633 1702 et
650 1636 855 1726 systematice
870 1637 938 1725 jem
956 1635 1138 1727 disciplina
1157 1659 1250 1702 mens
1265 1637 1299 1700 sit

254 1749 1297 1838 imbuendu3neabhorrentenenotionumebstrectarumespe
1382 1797 1383 1802 η

255 1875 364 1950 ritnte,
378 1891 499 1961 quum,
510 1865 532 1932 ¹a
543 1865 655 1958 quibus
667 1865 728 1934 ille
741 1865 838 1934 docte
851 1869 926 1944 sint,
940 1867 1092 1933 nondum
1107 1887 1296 1958 assequutus

255 1990 297 2054 sit
316 1988 395 2067 tiro,
414 2005 475 2050 nec
494 1983 670 2048 sinereris
689 1981 891 2070 singularum
909 2005 1021 2046 rerum
1038 1984 1205 2074 exemplis
1222 1979 1297 2047 oculi

256 2104 425 2192 animique
443 2099 554 2166 sensui
572 2098 729 2189 subjectis
742 2117 833 2178 reete
849 2101 980 2189 assequi
997 2101 1114 2188 possit.
1133 2103 1195 2166 Est
1208 2117 1294 2187 porro

257 2216 381 2304 ingenii
393 2215 441 2278 vis
455 2211 625 2278 excitanda
636 2229 670 2278 et
679 2214 751 2302 ipso
762 2236 825 2277 usu
834 2211 1032 2302 subigenda,
1047 2232 1083 2281 ut
1096 2220 1237 2282 notiones
1246 2233 1297 2275 un

259 2332 360 2422 dique
372 2345 520 2418 arreptus
533 2353 715 2420 comparare
727 2330 815 2396 iuter
827 2353 863 2396 se
878 2348 911 2395 et
924 2353 1144 2419 componere,
1160 2327 1295 2420 quidque

258 2451 411 2516 intereas
424 2451 600 2528 conyeniet
612 2470 674 2514 nec
686 2472 744 2528 ne,
760 2447 936 2514 observare
950 2466 983 2514 et
997 2468 1129 2530 notare,
1144 2458 1297 2518 assuesoet
1384 2477 1385 2512 i

260 2565 401 2632 tenellus
413 2565 558 2646 animus3
575 2565 682 2653 primo
696 2561 833 2654 quidem
849 2568 882 2628 in
895 2565 985 2630 rebus
999 2567 1139 2634 sensibus
1152 2563 1294 2653 subjectis,

254 2698 334 2747 tum
344 2683 376 2744 in
388 2680 427 2744 iis
435 2704 504 2770 que
511 2681 650 2745 aninmm
657 2678 908 2770 vohmtntemque
923 2693 1060 2762 movent,
1070 2699 1104 2747 et
1110 2703 1233 2749 sensum
1241 2675 1299 2742 ven'

262 2799 339 2862 recti
344 2793 529 2887 pulchrique
539 2798 621 2860 cient
630 2795 920 2887 aestuquntsquod
931 2797 994 2862 nisi
1005 2811 1127 2863 muttire
1137 2801 1197 2866 flet
1206 2814 1295 2888 quum

263 2911 398 2976 monitis
420 2927 491 2975 tum
513 2910 672 2998 exemplis
693 2899 887 2998 propositis,
910 2911 1000 2977 nulle
1022 2913 1118 2979 Facile
1138 2909 1294 3002 disciplina

264 3028 403 3104 seriore,
428 3025 534 3090 multo
555 3027 665 3092 minus
686 3025 888 3107 academica,
913 3046 970 3094 aut
990 3051 1102 3094 rerum
1123 3029 1295 3098 divinarum

265 3142 554 3231 humanarumque
571 3142 682 3210 subtili
700 3145 938 3233 praeceptione,
955 3162 1065 3234 potest
1078 3145 1113 3214 id
1127 3166 1185 3214 eut
1200 3163 1295 3213 emen·

267 3257 339 3324 deri
352 3276 409 3324 eut
423 3257 582 3348 suppleri.
599 3263 725 3349 Regnat
739 3263 772 3326 in
787 3261 853 3342 his,
871 3278 909 3326 ut
922 3262 965 3328 de
979 3262 1115 3328 historia
1127 3285 1215 3331 nunc
1228 3253 1295 3326 nihil

267 3368 389 3450 dicum,
404 3383 568 3460 poetarum
583 3371 672 3438 lectio
689 3385 719 3438 et
735 3377 960 3464 interpretatio,
976 3399 1051 3465 quae
1062 3377 1242 3467 juvenilem
1255 3373 1294 3435 in·

268 3480 380 3549 dolem
396 3481 438 3549 ed
456 3485 634 3552 multarum
651 3509 911 3580 magnarumque
929 3513 1042 3556 rerum
1060 3495 1188 3582 species
1202 3489 1294 3558 auimo

269 3596 502 3687 concipiendas
520 3601 629 3688 erigit,
646 3602 802 3687 praeclara
815 3603 1042 3692 phantasmate
1055 3607 1182 3698 objicit,
1199 3618 1295 3674 sensus

268 3710 438 3791 liberales,
464 3735 659 3802 generosos,
686 3719 831 3784 excelsos
855 3720 973 3808 giguit,
1002 3743 1133 3790 morum
1160 3718 1294 3788 ferociam

271 3827 411 3906 emollit,
429 3827 599 3893 sententiis
616 3829 752 3898 utilibus
768 3855 806 3898 ec
823 3836 997 3924 praeceptis
1010 3837 1137 3902 animos
1152 3836 1296 3926 ingenuos

269 3941 404 4022 imbuit,
418 3958 451 4005 et
459 3941 501 4006 ed
511 3942 764 4028 humanitatem,
774 3947 1057 4029 benevolentiam,
1067 3949 1293 4020 forentium,

268 4053 487 4141 laborumque
500 4055 706 4124 tolerantium
719 4063 860 4128 instruit.
876 4066 954 4128 Haec
965 4065 1054 4129 enim
1066 4065 1121 4130 ille
1132 4082 1222 4144 sunt,
1234 4080 1295 4150 pro
