2956 4670
231 394 251 460 6
547 397 583 460 C.
607 397 734 462 stult
759 399 952 466 tt‘nhlcl

230 533 310 616 Quis
323 533 447 622 gelidas
460 549 591 600 suetum
603 551 715 602 noctes
727 536 863 604 thorace
875 541 1014 628 gravetis

133 632 137 640 ’
231 640 299 706 Sub
311 644 394 708 Jove
407 665 474 709 non
488 665 584 735 aequo
597 643 741 725 trahere,
756 663 789 711 et
800 651 941 714 tentoria
954 671 1041 738 saepe

230 747 408 837 Spernere,
421 751 478 816 ubi
490 747 628 818 hiberna
639 769 774 818 ruerent
785 776 861 820 cum
874 755 1032 844 grandine
1044 753 1163 834 nimbi,

230 857 277 918 Ae
290 877 331 921 ne
344 873 441 924 nocte
454 857 590 948 quidem
602 860 742 948 clipeiue
755 883 892 928 ensesre
904 865 1042 953 reposti,

231 962 305 1024 Non
318 960 479 1052 pharetrae
490 983 546 1032 eut
554 966 677 1057 jacula,
691 983 724 1032 et
735 991 796 1055 pro
809 969 965 1034 memhris
978 993 1068 1034 orme
1080 969 1189 1048 fuere,

231 1069 327 1135 Tunc
339 1094 438 1160 grave
451 1074 549 1140 cessis
562 1097 659 1154 onus,
674 1073 864 1166 majoraque
876 1077 1025 1164 pondera
1036 1079 1104 1143 vise
1245 1087 1272 1133 ²⁵

231 1175 434 1258 Permarurn,
448 1201 486 1246 ac
497 1179 597 1244 nullis
608 1179 689 1244 fuste
702 1179 896 1248 stridoribus
909 1183 1020 1250 hestae.

274 1283 381 1348 Prima
393 1286 630 1350 instaurantem
642 1284 744 1350 sensit
756 1287 934 1352 certamina
946 1289 1033 1353 mitis

231 1482 254 1518 et
264 1469 420 1534 vistulam,
430 1477 516 1537 (qnurn
528 1472 584 1520 luxu
588 1475 664 1538 fluere
673 1475 763 1524 dicetur
774 1477 845 1526 bomo
855 1493 884 1524 eo
895 1489 1017 1525 enervatus
1026 1479 1075 1526 Lis.
1084 1475 1141 1532 Vll,
1153 1487 1182 1534 29
1194 1483 1217 1520 et
1229 1471 1273 1526 3²)

231 1555 254 1590 et
265 1547 317 1591 voci
329 1559 397 1592 mero.
410 1547 445 1592 Sic
457 1559 480 1592 et
485 1547 561 1607 fluere
571 1545 677 1603 mollitio,
687 1547 723 1593 vel
734 1548 836 1611 dffuere
849 1547 940 1595 luxuria
951 1549 1007 1594 dixit
1014 1548 1062 1594 Cic.
1075 1559 1098 1593 et
1107 1557 1182 1610 poete
1191 1543 1275 1606 passim

230 1617 281 1660 vi'no
296 1616 398 1670 medere,
410 1617 525 1662 madidum
535 1633 595 1672 esse,
609 1620 712 1683 tirrs'ani,
725 1617 793 1674 det,
808 1621 888 1685 timui,
898 1617 1004 1684 proluere
1018 1633 1056 1671 se,
1066 1613 1208 1680 tunneto,
1222 1611 1275 1672 τίγ-

229 1685 326 1747 ysodes,
338 1688 394 1748 quin
406 1699 429 1732 et
442 1689 516 1734 madet
527 1705 589 1736 mens
601 1691 693 1737 Lucret.
709 1693 754 1746 lll,
767 1691 822 1754 477,
833 1707 903 1755 quem
915 1691 985 1740 orat.
998 1703 1082 1753 pretor
1093 1688 1149 1735 elios
1164 1684 1272 1733 laudavit.

231 1757 360 1819 Madefeeto
373 1769 395 1802 et
406 1760 496 1804 madida
506 1763 573 1808 etiem
585 1762 692 1808 dicuntur
703 1762 740 1808 vel
751 1765 845 1810 omnino
856 1762 957 1826 replete,
969 1763 1050 1826 plene,
1063 1777 1143 1822 propr.
1157 1761 1222 1812 vino,
1235 1755 1275 1813 (ιιι

230 1829 332 1886 madere,
344 1844 385 1876 sen
402 1829 515 1875 madidum
527 1846 574 1876 esse
585 1835 656 1887 vitiis,
667 1833 767 1888 ertlbter,
775 1836 845 1894 jocis,
856 1833 975 1879 Socmtt'er's
990 1831 1128 1878 sermonibus
1138 1830 1201 1892 apud
1215 1823 1273 1874 Gell-

230 1900 297 1956 XIII,
309 1900 336 1956 83
346 1899 445 1948 Manial.
455 1903 479 1956 l,
492 1914 536 1956 ιι,
548 1901 561 1948 3
567 1919 574 1955 ;
588 1901 629 1957 IV,
639 1915 697 1957 nu,
711 1919 751 1958 η,
762 1903 818 1946 llor.
832 1903 876 1947 Od.
890 1903 934 1958 Ill,
945 1915 1001 1958 xxi,
1012 1917 1039 1963 9,
1051 1901 1091 1945 nbi
1103 1899 1149 1944 vid.
1161 1898 1212 1942 leni
1221 1897 1229 1954 )
1238 1893 1275 1940 rel

229 1985 281 2034 quae
293 1969 384 2016 madida
394 1983 448 2017 sunt
460 1985 531 2034 equa,
544 1983 567 2016 et
575 1968 629 2017 hine
639 1971 728 2028 mollis,
741 1969 880 2018 effeminate.
892 1973 996 2034 Utroque
1006 1971 1070 2016 notio
1082 1969 1106 2013 h.
1114 1968 1129 2014 l.
1139 1978 1199 2030 epte.
1209 1967 1275 2008 Cete-

229 2057 281 2088 rum
290 2043 364 2108 possis
373 2043 442 2088 etism
451 2039 589 2104 distinguere
601 2055 654 2104 post
662 2041 789 2106 malesarta
794 2075 802 2098 ,
812 2052 835 2088 et
841 2042 941 2103 jungere
951 2056 1012 2087 nrero
1021 2040 1131 2102 torpentia:
1140 2053 1169 2081 m.
1174 2034 1197 2099 f.
1208 2034 1275 2114 Mett-

229 2111 283 2169 bre,
294 2109 393 2176 largiore
405 2114 464 2159 meri
475 2129 518 2158 usn
530 2114 554 2158 in
566 2127 671 2160 somnum
684 2111 790 2168 delabsa,
803 2123 909 2176 torpent;
921 2111 984 2158 unde
999 2126 1085 2157 merum
1097 2121 1167 2174 poete
1182 2117 1274 2168 egregte

228 2199 272 2248 per
288 2185 456 2248 adpositionem
476 2186 566 2232 vocavit
583 2189 657 2232 somni
676 2182 804 2232 inlecebrns'.
824 2183 868 2230 Sed
882 2184 1014 2244 praestiterit
1031 2181 1080 2228 bere
1095 2179 1166 2226 verbe
1183 2191 1228 2224 tntn
1245 2173 1275 2222 sd

229 2253 320 2310 lutum,
332 2271 400 2318 quem
409 2255 439 2303 nd
448 2271 534 2302 merum
545 2255 643 2304 referre.
655 2259 682 2303 N.
696 2257 804 2304 Heinsius
815 2251 896 2300 lranm
907 2253 1036 2301 devenere
1047 2265 1135 2300 tontum
1144 2249 1241 2311 adripit,
1252 2255 1276 2292 et

227 2327 318 2374 Ernesti
332 2325 454 2373 inlecebms
468 2331 542 2373 somni
556 2327 688 2374 verecunde
702 2344 747 2390 pro
759 2331 850 2374 Venere
866 2327 923 2388 poni
936 2337 1010 2387 putet.
1023 2327 1137 2370 Neutrum
1148 2318 1274 2368 defendere

226 2397 308 2442 susim.
320 2421 352 2432 -
364 2395 400 2442 23.
413 2396 503 2460 clipeiue
513 2399 565 2444 rui.
579 2408 602 2444 et
612 2397 669 2444 Tell.
679 2397 754 2460 Vulgo
768 2395 848 2461 clipei,
860 2395 1003 2443 claudicante
1015 2411 1084 2442 versu
1095 2411 1101 2440 τ
1114 2408 1184 2458 quem
1198 2401 1275 2436 tantm

226 2463 340 2511 licentiam
353 2479 400 2512 non
411 2465 547 2512 insolentem
565 2465 626 2513 Iorte
641 2469 665 2512 in
675 2480 822 2530 portuense,
838 2477 918 2513 monet
932 2465 1014 2511 Leleb.
1028 2489 1059 2502 -
1074 2462 1110 2520 ol.
1124 2459 1275 2523 armnfooere

228 2534 291 2582 bend
302 2535 433 2584 dubitanter
444 2537 535 2584 emend.
546 2539 574 2585 tt.
587 2539 667 2586 Heins.
680 2539 733 2586 coll.
741 2541 807 2596 vul,
823 2553 867 2599 92,
883 2536 938 2594 nt;
951 2537 995 2593 tx,
1007 2535 1050 2594 433
1064 2539 1150 2582 lucen.
1163 2533 1204 2589 tv,
1218 2531 1273 2584 ¹5²·

230 2617 253 2652 et
264 2605 294 2653 nl.
308 2605 353 2652 Sed
363 2607 409 2654 vid.
423 2621 472 2660 not.

264 2768 306 2804 no.
317 2749 357 2804 ct.
369 2753 395 2817 1,
406 2753 485 2822 nlo...
499 2753 558 2824 267.
569 2785 604 2796 -
618 2771 659 2808 st.
671 2765 725 2807 m.
770 2767 923 2822 numerant,
940 2773 1021 2828 quam
1033 2751 1172 2814 humeros,
1188 2745 1273 2798 lacer-

228 2834 299 2900 lsere,
317 2835 437 2906 exigere,
452 2835 607 2902 traducere,
626 2847 726 2903 nomes,
771 2845 828 2901 tos,
843 2853 946 2888 manus.
966 2836 1047 2885 Arma
1066 2832 1137 2884 enim
1153 2827 1273 2916 membra

227 2933 285 2984 qun
295 2913 402 2986 gelide,
414 2913 545 2980 hibernus,
559 2929 585 2967 et
595 2914 659 2968 bine
671 2915 728 2968 lon·
770 2913 861 2964 militis
881 2931 939 2966 esse
958 2911 1067 2964 dieunt:
1086 2927 1144 2976 qun
1165 2903 1274 2974 quidem

227 3011 264 3063 gn
285 3003 355 3041 sunt.
365 2993 462 3043 -Sub
479 2993 558 3058 love,
581 3011 658 3059 nere,
679 3011 727 3048 sen
771 2994 809 3044 its
820 3004 949 3064 geruntur
965 3003 1042 3061 apte,
1056 2999 1101 3052 nt,
1118 2987 1140 3038 si
1154 3001 1217 3036 usus
1231 2983 1274 3033 Ie·

227 3069 306 3134 calo,
318 3067 368 3120 sub
379 3067 439 3134 din,
449 3068 493 3120 dns
506 3067 569 3131 nair,
579 3089 631 3122 non
643 3091 726 3144 equo,
771 3081 827 3134 rat,
848 3069 960 3138 abjectis
983 3067 1124 3130 oneribus,
1143 3061 1273 3133 expeditis

164 3133 171 3144 ⁶
228 3150 335 3219 iniquo,
345 3149 727 3218 snvo,espero,turbulento,
772 3148 865 3216 ermis,
875 3162 904 3202 nt
916 3145 1055 3209 membris,
1070 3159 1192 3215 pugnare
1209 3157 1273 3211 pos·

226 3245 273 3280 seu
290 3239 471 3297 tempestuoso
485 3239 512 3278 et
527 3227 635 3299 frigido.
648 3229 726 3282 Coris.
771 3228 855 3282 sint·
870 3227 948 3280 Conf.
959 3227 1029 3296 Lips.
1043 3222 1076 3275 de
1088 3221 1144 3275 Mil.
1154 3223 1231 3272 Rom.
1241 3213 1273 3282 V,

227 3309 319 3358 Horat.
332 3305 385 3358 Od.
396 3307 454 3372 1,ι,
468 3306 517 3368 25;
530 3323 603 3372 nn,
616 3323 662 3378 19,
683 3325 724 3362 πο.
774 3325 820 3366 113
832 3306 904 3380 Opp.
916 3307 947 3360 T.
960 3307 1009 3371 111,
1022 3325 1049 3375 p.
1063 3305 1111 3356 321
1127 3297 1272 3372 see-26.

263 3388 304 3454 24.
316 3405 365 3456 pro
375 3385 492 3436 membris
502 3387 674 3458 omasum,
688 3406 727 3440 er·
765 3385 835 3458 fuse
848 3387 940 3448 laste,-
950 3404 975 3436 v.
989 3383 1024 3456 ed
1036 3386 1062 3450 Ι,
1075 3383 1136 3452 267.
1150 3409 1184 3420 -
1193 3376 1275 3430 nullis

226 3480 335 3520 metam
347 3465 439 3533 militi,
451 3483 530 3536 qttem
545 3465 664 3520 membro
679 3486 727 3520 ne·
771 3466 933 3534 stridoribus,
945 3464 1068 3536 adeoque
1079 3462 1181 3515 sineri.
1194 3457 1272 3510 conf.

226 3549 355 3609 cesserim
366 3545 431 3598 Cell.
441 3545 631 3599 Commentarii
642 3548 727 3600 iustnr
772 3545 805 3598 ed
819 3549 843 3614 l,
854 3547 919 3614 334ς
931 3547 966 3598 IV
970 3585 978 3614 ,
990 3543 1049 3615 576.

226 3639 266 3679 est
277 3627 351 3680 loeus
362 3625 417 3678 Cic.
428 3627 527 3695 Quaest.
540 3627 619 3678 Ture.
632 3629 667 3693 ll,
684 3628 724 3694 16,
807 3643 849 3696 ²7·
868 3629 899 3678 In
915 3623 958 3677 bis
977 3637 1004 3677 et
1021 3622 1147 3694 reliquis,
1165 3635 1223 3690 qun
1239 3616 1272 3668 nd

226 3725 304 3778 quem
312 3707 412 3776 Deusq.
421 3704 725 3777 jemleudavitetpoete
769 3703 848 3758 linem
862 3707 919 3759 lere
933 3704 1013 3775 hujus
1029 3703 1100 3756 libri-
1110 3699 1269 3762 traduntur,

223 3785 390 3839 hauddubie
405 3787 522 3839 imitatus
533 3797 588 3839 est:
604 3787 725 3855 :Quilm
769 3798 849 3858 poeta
862 3782 975 3838 menime
990 3784 1101 3836 recessit
1118 3781 1152 3834 ab
1169 3776 1273 3848 depulsis

223 3863 275 3916 bor
285 3877 312 3916 et
322 3877 436 3936 qnantns
446 3866 575 3936 agminis?
584 3865 653 3919 ferre
663 3865 724 3937 plus
769 3865 910 3932 historica,
926 3863 1066 3934 solumque
1078 3872 1207 3932 sequutus
1223 3859 1271 3908 int-

224 3943 358 3996 dimidiati
369 3946 467 3996 mensis
477 3943 593 4008 cibarin3
606 3947 690 4011 ferre,
702 3949 725 4000 si
769 3957 860 4015 petum
873 3962 950 3996 suum
959 3962 991 3998 ex
999 3945 1046 4009 iis,
1056 3959 1114 4014 qne
1124 3939 1213 3990 Livius
1223 3935 1270 3990 lib.

222 4021 290 4096 quid
301 4022 335 4076 cd
345 4041 422 4075 usum
432 4023 513 4076 velint
521 4046 528 4086 ς
537 4025 607 4078 ferre
615 4023 722 4078 vellum.
768 4026 866 4092 XXIII,
877 4024 972 4090 XXIV,
985 4023 1067 4089 XXV,
1080 4031 1107 4072 et
1116 4019 1215 4084 XXVI,
1226 4015 1272 4068 utl-

221 4103 292 4156 Narn
311 4115 431 4166 scutum,
447 4101 585 4176 gladium,
602 4103 723 4178 galeam,
768 4116 860 4158 curete
879 4117 919 4156 ae·
934 4103 1043 4175 copiose
1065 4100 1200 4164 narravit,
1224 4095 1269 4147 illa

222 4182 250 4235 in
271 4201 351 4238 onere
370 4185 455 4236 nostri
472 4183 569 4238 milites
587 4203 643 4239 non
661 4185 722 4259 plus
768 4198 871 4241 tantum
888 4183 996 4258 selegit,
1015 4181 1143 4254 nullaque
1166 4177 1269 4233 ordinis
