2960 4644
234 307 296 398 ³7⁶
549 307 584 370 c.
608 305 733 371 sinn
757 305 951 371 1111111

232 451 270 514 ln
283 447 423 514 ducibus
437 447 541 512 stabat
553 470 628 535 spes
641 463 674 512 et
686 450 820 514 victoria
834 449 920 514 solis.
1228 459 1279 516 io·

230 555 317 635 Quin
331 554 443 632 etiam,
457 553 550 618 favor
563 570 598 618 ut
611 552 731 640 subigit
743 553 919 643 plerosque
933 571 1097 636 metusve,

230 659 338 747 Scipio
351 659 377 724 si
391 658 519 748 Libycis
532 676 617 724 esset
629 677 801 746 generatus
814 661 847 724 iu
861 661 940 741 oris,

230 765 363 851 Sceptra
375 763 416 828 ad
429 767 617 850 Agenoreos
630 763 769 828 credunt
780 781 918 830 ventura
930 782 1076 854 nepotes.
1098 756 1103 765 ’

232 870 396 936 Hannibal
408 871 550 934 Ausonia
563 871 692 957 genitus
705 871 731 934 si
744 869 823 936 sede
835 871 966 948 fuisset:

233 977 330 1043 Haud
344 975 495 1041 dubitant
507 995 608 1042 terras
623 977 702 1042 Itala
712 977 746 1041 in
760 975 885 1042 ditione
898 978 1033 1044 futurus.
1225 985 1272 1042 4⁰5

276 1087 513 1149 Contremuere
524 1105 626 1162 aurae,
640 1081 755 1171 rapido
767 1083 972 1148 vibrantibus
983 1082 1082 1148 hastis

207 1274 210 1280 1
232 1189 395 1269 Turbine,
410 1205 443 1254 et
455 1187 640 1253 horrificam
655 1204 781 1252 traxere
794 1211 854 1276 per
865 1187 986 1254 aetbera
996 1189 1130 1252 nubent.
1202 1227 1213 1248 2

233 1295 315 1362 Inde
328 1297 429 1374 ensis,
442 1295 758 1386 propiorqueacies‚
771 1311 804 1360 et
815 1297 1000 1360 cornminus
1011 1317 1067 1360 ora

232 1402 389 1482 Admota,
402 1425 439 1466 ac
452 1401 522 1466 dira
534 1401 702 1489 flagrantia
712 1401 837 1466 lumina
850 1401 990 1466 flamma.

232 1509 395 1576 Sternitur
406 1509 440 1572 in
452 1507 600 1572 medium
613 1507 809 1572 eontemtrix
821 1507 915 1572 turba
928 1507 1056 1594 pericli,
1226 1516 1272 1571 iro

232 1617 313 1700 Quae
326 1615 439 1704 primis
452 1637 487 1680 se
500 1613 702 1701 praecipitem
716 1613 790 1678 tulit
802 1613 898 1678 obvia
910 1612 998 1693 telis,

234 1719 466 1809 Gentilemque
478 1717 563 1783 bibit
575 1718 669 1783 tellus
682 1718 785 1783 invisa
796 1741 958 1783 cruorem.

235 1825 395 1890 Fervidus
408 1825 530 1912 ingenii
543 1825 727 1904 Masinissa,
742 1843 775 1890 et
787 1824 932 1890 fervidus
946 1825 1020 1904 aeri,

236 1933 275 1995 lu
288 1933 409 2020 primas
421 1933 587 1994 Macetum
600 1947 723 1996 turmas
736 1931 878 1996 inmania
890 1930 1038 1996 membra

235 2091 310 2140 Pana.
324 2091 394 2136 Marsi
405 2093 465 2137 b'en.
481 2091 559 2152 prior,
577 2091 653 2154 quod,
663 2071 725 2154 ¹quia
741 2093 857 2138 sonantius
872 2107 920 2150 etr,
936 2093 1014 2154 recepi
1029 2107 1081 2138 curn
1095 2088 1174 2136 Leieb.
1192 2087 1272 2150 probb.

235 2159 314 2206 Barth.
326 2159 384 2206 adv.
398 2161 430 2215 X,
445 2160 484 2216 r3;
495 2159 550 2207 cell.
563 2161 592 2204 N.
605 2163 682 2206 Heius.
699 2162 769 2208 Drak.
783 2163 849 2208 Coni.
865 2161 895 2210 ad
906 2163 946 2218 lV,
961 2160 1011 2223 187.
1022 2159 1097 2220 Vulgo
1110 2161 1232 2219 viminaque.
1245 2179 1274 2190 -·

236 2229 289 2286 401.
303 2233 337 2277 lta
349 2233 422 2278 Onon.
438 2246 460 2277 et
473 2233 523 2279 Put.
534 2233 609 2294 Vulgo
626 2232 709 2296 subiqit
717 2235 789 2296 favor
804 2243 829 2280 ut
842 2233 982 2298 plenamque.
1000 2235 1091 2280 Gor-tim
1106 2231 1274 2293 suspicabatur,

237 2303 378 2364 inreptitium
390 2318 439 2348 estc
452 2302 513 2348 bunc
525 2319 624 2350 versum.
637 2303 728 2360 -403.
742 2307 919 2352 credanromn.
933 2307 1027 2351 Putean.
1041 2307 1066 2350 R.
1081 2319 1107 2359 a,
1119 2303 1193 2348 Parin.
1204 2300 1275 2361 Vulgo

236 2382 321 2429 essent,
332 2374 397 2437 quod
408 2390 420 2420 e
433 2384 523 2420 consent
534 2387 668 2437 corruptum
681 2393 731 2424 etse
743 2393 790 2423 non
801 2377 859 2422 maie
871 2376 1030 2440 suspicabatur
1040 2373 1115 2421 Barth.
1129 2374 1185 2420 dds.
1197 2375 1228 2428 X,
1241 2373 1274 2417 13.

236 2470 268 2484 ·-
279 2445 332 2508 407.
347 2461 449 2510 oequoru,
461 2445 484 2492 b.
498 2461 518 2491 e.
533 2463 653 2510 campum,
666 2448 722 2494 reli.
734 2473 765 2483 -
776 2451 829 2505 411.
843 2448 897 2492 bibit
908 2451 934 2493 R.
950 2463 971 2493 a.
985 2449 1054 2493 biart.
1069 2449 1123 2492 Beu.
1138 2445 1192 2490 uidit
1203 2445 1274 2488 Onon.

237 2518 297 2564 videt
308 2519 358 2564 Pur.
375 2518 401 2564 R.
416 2536 441 2574 1,
453 2519 528 2581 Parni.
543 2519 606 2566 Med.
622 2519 711 2565 Deinde
727 2522 794 2564 invite
806 2536 849 2582 pro
862 2521 933 2565 invr'su
945 2535 972 2564 er
984 2517 1073 2564 emend.
1087 2517 1232 2562 Heinsiornrn
1243 2530 1277 2560 re·

239 2603 340 2651 potuere
355 2589 426 2636 Drak.
445 2601 468 2634 et
484 2592 536 2636 Ern.
552 2615 583 2626 -
597 2589 650 2646 414.
665 2593 785 2638 Macedoni
796 2593 882 2652 primur
894 2588 965 2636 edidit
976 2589 1091 2636 Nicander
1095 2604 1104 2644 ;
1113 2587 1159 2634 rid.
1174 2585 1205 2633 ad
1213 2587 1276 2642 ΧΙΙΙ,

240 2725 267 2768 ta
284 2713 453 2767 multitudine
470 2713 597 2780 militurn,
617 2715 671 2782 vei,
688 2717 737 2766 etsi
781 2717 806 2777 Ι,
821 2714 885 2782 539,
898 2715 944 2767 ubi
956 2714 1010 2766 vid.
1024 2727 1079 2766 not.
1091 2741 1128 2753 -
1139 2715 1200 2780 407.
1213 2711 1277 2761 Tur-

240 2806 315 2847 tanta
338 2813 430 2846 eorum
452 2795 528 2864 copia
554 2807 625 2858 erat,
649 2809 745 2846 tamen.
783 2795 855 2858 bine,
873 2796 979 2864 inpetu,
995 2792 1047 2844 vid.
1064 2791 1123 2845 lod.
1141 2789 1276 2841 -rrubem

239 2875 348 2940 curretis,
363 2887 413 2926 etc.
423 2903 457 2912 -
466 2873 560 2938 stabat,
576 2873 627 2924 vid.
642 2873 676 2926 ad
688 2875 737 2939 111,
782 2872 908 2944 pulveris.
921 2903 957 2912 -
968 2872 1028 2939 408.
1041 2872 1082 2922 Cf.
1098 2869 1132 2921 ad
1148 2869 1198 2934 lt,
1212 2868 1276 2934 314,

244 2953 302 3023 173.
783 2953 810 3002 in
819 2954 880 3004 Var.
892 2953 962 3004 lect.
973 2954 1078 3022 -4ο9.
1089 2951 1207 3012 (1111111,
1220 2948 1277 3017 1751

278 3033 358 3098 401...
374 3032 434 3098 405.
447 3029 524 3082 Cous.
537 3033 581 3096 lV,
595 3033 646 3100 730
660 3050 699 3103 sq.
712 3045 739 3084 et
783 3032 822 3096 X,
837 3033 894 3085 106.
911 3061 944 3072 -
960 3034 1020 3099 411.
1038 3031 1114 3084 tellio
1129 3031 1193 3082 bibit
1204 3046 1276 3080 rmo-

241 3111 301 3174 vn,
315 3109 363 3172 36,
376 3111 418 3177 37.
437 3110 497 3160 Non
512 3112 575 3160 satis
590 3129 737 3181 congruere
783 3129 849 3176 rem,
866 3125 895 3164 ut
908 3115 946 3176 Χ,
960 3113 1025 3178 168,
1041 3123 1068 3163 et
1081 3109 1155 3175 xvi,
1172 3110 1232 3172 116.
1242 3137 1278 3150 «-

239 3189 365 3241 videntur
378 3188 459 3240 verba
473 3189 527 3239 Liv.
543 3189 628 3256 XXX,
644 3192 692 3256 32,
707 3210 739 3243 ex
785 3190 929 3256 Gentilem,
942 3192 1097 3254 Poenorum,
1109 3191 1137 3240 in
1149 3203 1219 3241 terra
1230 3205 1278 3259 pa·

241 3267 339 3338 quibus
351 3265 406 3318 brec
418 3267 545 3318 translata
555 3286 611 3320 esse
622 3271 739 3340 suspica·
784 3270 834 3321 tria
850 3271 1026 3340 pereuntium.
1043 3297 1079 3310 --
1094 3267 1169 3322 telius
1182 3269 1276 3331 invisa,

241 3361 283 3399 tur
295 3348 399 3400 Ernesti
411 3368 416 3396 ι
433 3349 559 3417 «Anceps
573 3365 633 3418 spes
645 3363 671 3400 er
684 3367 739 3402 tne-
783 3363 809 3400 ct
820 3350 960 3416 Romanis,
972 3363 999 3402 et
1009 3350 1079 3416 Diis,
1092 3351 1156 3420 quia
1167 3362 1218 3400 tarn
1230 3363 1276 3397 ste·

241 3443 283 3480 tus
309 3426 456 3480 miscebant
480 3427 596 3492 animos,
617 3441 737 3479 contern-
782 3446 815 3498 pe
828 3427 1086 3500 foedifrsgmbefeb.
1099 3433 1140 3481 lta
1151 3441 1219 3480 certe
1233 3443 1277 3476 ex·

240 3509 431 3582 plantibusque
450 3505 529 3557 rnodo
548 3523 640 3572 stram,
657 3506 737 3558 modo
782 3523 882 3576 ponere
911 3509 1078 3578 praestiterit,
1107 3525 1186 3578 quarn
1218 3523 1278 3556 curn

240 3589 356 3642 hostiurn
372 3589 470 3650 aciem,
482 3604 565 3657 quum
580 3585 664 3637 ocutis
680 3605 737 3639 rna·
782 3585 881 3657 Dausq.
896 3601 961 3640 terra
977 3587 1024 3640 dio
1041 3589 1137 3652 invisa,
1155 3605 1208 3638 non
1223 3587 1278 3638 visa

240 3668 280 3738 gis
294 3683 374 3736 quan
387 3667 490 3716 ratione
501 3677 644 3734 pensarent
653 3667 736 3730 vires,
781 3666 867 3734 Afris,
889 3672 989 3740 quippe
1012 3673 1058 3741 qui
1079 3671 1124 3721 din
1147 3669 1279 3721 abfuerint

240 3743 317 3824 signal
335 3744 407 3808 iata,
422 3742 499 3794 simul
512 3743 599 3796 tristia
610 3743 737 3796 obversa·
783 3746 872 3798 domo.
885 3777 919 3788 —
934 3751 985 3816 413
1002 3767 1058 3820 seq.
1073 3752 1102 3801 ln
1118 3749 1212 3802 ordine
1229 3767 1279 3819 pu-

242 3825 348 3876 bautur.
361 3845 371 3868 n
781 3845 839 3899 gnae
847 3830 1120 3882 consertaearbitrium
1129 3848 1205 3883 suurn
1217 3847 1279 3899 poe·

275 3903 335 3969 406.
355 3903 545 3967 Contremuere,
564 3919 736 3972 resonarunt,
782 3921 810 3958 to
822 3908 953 3976 aequitum
969 3909 1032 3958 Ern.

241 3997 322 4044 auree,
339 3981 450 4047 strepitu
468 3997 600 4031 armorum
618 3995 735 4036 armato·
817 3985 877 4051 414.
901 3985 1077 4036 Macedonum
1099 3985 1232 4058 legionem
1252 3987 1279 4036 in

241 4076 361 4129 rumque.
375 4085 411 4098 --
424 4058 581 4112 vibrantibus
600 4060 690 4126 hastis,
706 4075 735 4114 ut
780 4063 896 4115 secunda
907 4067 1047 4117 Poenorum
1057 4067 1114 4118 acie
1125 4066 1222 4132 fuisse,
1231 4064 1279 4116 do-
