2872 4644
211 297 220 308 '
250 308 312 390 504
531 305 789 388 pensauro
812 305 1019 371 aarum.

248 444 498 538 dijudicandum
510 441 559 524 id,
573 441 664 534 quod
677 460 766 510 recte
775 444 928 528 minusve
937 445 1136 510 inventum
1146 451 1205 532 aut
1216 456 1302 500 enun-

245 563 363 628 tiatum
374 561 430 642 sit,
440 557 619 651 judicium
634 576 905 650 praeparaturque
915 559 1063 626 animus
1075 554 1124 620 ad
1138 549 1301 617 institutio·

243 699 323 742 nem
335 674 532 767 disciplinae,
547 698 612 766 qua
624 675 680 741 ille
691 674 870 766 aliquando
883 677 944 741 erit
955 670 1201 746 imbuendus,
1215 663 1302 752 inpri-

245 790 307 856 mis
328 789 583 881 philosophicae;
608 789 804 879 praeluditur
824 790 973 856 facultati
996 805 1103 856 recte
1130 775 1302 873 cogitandi,

243 907 331 973 bene
345 905 476 974 dicendi
489 930 527 974 ac
539 903 720 985 scribendi,
736 929 836 995 quam
846 906 989 998 majores
1006 905 1129 972 nostri
1141 900 1264 988 logices
1273 913 1303 956 ae

245 1019 425 1088 rhetorices
441 1023 575 1088 nomine
589 1021 820 1110 insigniebam.
837 1023 906 1088 Etsi
920 1039 954 1089 et
966 1023 1036 1102 illi,
1056 1021 1123 1110 qui
1131 1018 1206 1108 jam
1220 1009 1301 1078 disd-
1376 1039 1377 1042 ¹

244 1136 343 1225 plinis
360 1153 487 1202 mature
504 1136 623 1202 imbuti
641 1153 735 1220 sunt,
752 1161 792 1202 ex
805 1153 979 1226 poetarum
993 1137 1160 1204 lectione
1177 1148 1212 1198 et
1223 1126 1301 1192 volu
1376 1111 1377 1122 ἵ

244 1269 369 1340 ptatem
379 1269 412 1318 et
421 1252 597 1319 utilitatem
605 1250 697 1318 baud
706 1251 986 1318 contemnendam
997 1253 1166 1342 capient,
1179 1238 1299 1336 quand⁰

245 1365 381 1457 quidem
394 1367 441 1432 illi
448 1365 576 1458 judicio
582 1366 653 1457 jam
665 1365 795 1434 firmato
808 1369 843 1432 in
853 1391 965 1434 rerum
975 1385 1010 1433 et
1022 1376 1300 1433 ornamentorum

244 1503 374 1570 caussas
390 1481 487 1546 altius
503 1479 706 1548 descendere
722 1497 756 1546 et
769 1481 976 1549 subtiliorem
985 1479 1247 1572 judicationem
1259 1471 1298 1534 ie·

244 1599 1124 1691 cerepossunt.Paraturinterhaecmajornotitiarum
1134 1596 1296 1682 doctarum

244 1714 349 1803 copia,
360 1730 496 1780 ornatur
505 1716 676 1804 ingenium
685 1733 717 1780 et
728 1716 843 1795 oratio,
854 1731 889 1780 et
897 1713 939 1780 ad
951 1710 1205 1806 eloquendum,
1216 1699 1296 1794 quod

244 1826 341 1907 velis,
360 1828 496 1894 facultas
515 1829 675 1920 majorae
691 1847 803 1918 parata
819 1830 976 1920 suppetit.
995 1833 1085 1914 Quae
1105 1831 1136 1893 si
1157 1822 1293 1914 quisunt

243 1957 440 2030 assequutus
460 1944 575 2022 fuerit,
595 1960 653 2009 aut
670 1946 782 2011 animo
800 1947 1024 2036 reputaverit:
1048 1967 1127 2012 non
1147 1963 1227 2006 sane
1247 1931 1293 1996 ille

243 2073 432 2147 poetarum,
449 2060 699 2146 generosiorem
714 2065 843 2154 utique,
861 2062 1040 2129 lectionem
1049 2053 1232 2153 juventuti
1244 2062 1291 2114 ³⁸11

241 2175 444 2264 propositam
454 2192 592 2256 temere,
601 2194 658 2243 aut
664 2201 786 2268 parum
794 2181 911 2247 utilem
916 2179 1101 2272 judicabit3
1114 2173 1291 2258 deberique

242 2288 327 2355 adeo
343 2289 477 2356 laudem
495 2309 608 2358 nostro
627 2317 762 2386 quoque
780 2295 921 2386 Ruperti,
938 2296 1018 2364 Viro
1031 2295 1073 2361 cl.
1093 2291 1156 2386 qui
1174 2293 1207 2354 in
1221 2281 1292 2358 Silio,

243 2407 474 2498 interpretando
489 2433 624 2500 operam
636 2416 748 2504 posuit
762 2430 828 2479 tam
843 2412 974 2480 doctam
989 2430 1022 2479 et
1036 2423 1241 2496 accuratam,
1256 2412 1285 2462 '¹‘

242 2520 330 2610 aequi
338 2519 469 2612 judices
486 2523 573 2590 inter
584 2527 738 2610 meliores
752 2549 828 2592 eum
841 2525 988 2592 habituri
1001 2527 1067 2591 sint
1079 2527 1285 2610 interpret&

243 2633 300 2723 qui
313 2633 459 2701 criticam
472 2637 651 2705 sollertiam
664 2663 740 2706 cum
755 2637 993 2730 interpretandi
1011 2639 1196 2707 subtilitate
1209 2646 1282 2724 prae-

242 2747 328 2818 clare
340 2750 556 2842 conjunxerit.
570 2755 817 2853 Scr.,Gottingae
830 2757 876 2821 M.
889 2757 986 2822 Mart.
1000 2757 1215 2833 cloloccxsv.

867 2989 902 3052 G.
918 2989 957 3053 G.
974 2987 1134 3055 HEYNE.
