2956 4670
255 357 297 422 62
573 353 607 414 C.
631 349 758 416 Sibil
783 349 978 416 ITALlGl

255 499 317 561 Per
329 491 475 560 subitum
486 492 601 580 coepit,
615 490 794 580 densasque
806 491 918 558 subire
931 493 1090 578 tenebrae,

254 608 362 690 Atque
375 599 446 666 dies
458 601 588 686 fugere,
600 616 700 687 atque
712 599 831 664 armari
843 599 885 692 ad
898 601 1010 688 praelia
1020 625 1135 670 rursus
1264 621 1326 668 ess

253 708 394 795 Jupiter.
409 704 609 772 incumbunt
618 706 724 784 venti,
737 728 946 795 crassusque,
960 725 1088 775 rotante

254 815 390 889 Austro,
401 811 589 880 nimborum
602 811 710 882 fervet
721 811 848 900 globus.
864 813 997 880 intonat
1008 817 1095 904 ipse,

252 921 327 1004 Quo
339 935 456 984 tremat
468 935 501 984 et
513 915 696 1007 Bliodope,
709 919 920 1008 Taurusque,
935 938 969 984 et
979 919 1117 1000 Pindus,
1130 939 1164 989 et
1175 924 1289 990 Atlas:

252 1023 417 1090 Audivere
429 1024 518 1092 lacus
530 1022 645 1102 Erebi,
658 1030 854 1114 mersusque
865 1026 1042 1114 profundis

253 1130 397 1198 Adnovit
408 1131 554 1198 tenebris
565 1129 710 1196 carlestm
720 1129 807 1194 bella
818 1129 1000 1220 Typhoeus.
1251 1147 1312 1195 660

253 1238 383 1304 Invadit
395 1241 515 1316 Notus,
528 1259 581 1314 ac,
594 1235 723 1324 piceam
734 1255 809 1298 cum
821 1235 982 1324 mandine
994 1239 1096 1306 multe

252 1347 450 1434 intorquens
462 1341 603 1422 nubem,
616 1357 830 1408 cunctantem·
842 1357 877 1406 et
887 1365 970 1408 vana
983 1343 1163 1411 minantem

251 1452 464 1540 Circumagit,
478 1447 790 1538 castrisque'ducem
804 1449 987 1516 subsedere
999 1453 1095 1541 aegit.

295 1561 419 1624 Verum
433 1557 491 1622 ubi
503 1555 661 1644 depositis
673 1556 776 1645 sepsit
788 1579 858 1622 sese
870 1579 989 1646 aggere
1000 1556 1090 1636 telis,

252 1669 341 1732 Laeta
353 1666 493 1730 serenati
506 1665 606 1729 iacies
616 1665 765 1753 aperitur
775 1665 924 1754 Olympi,
1105 1663 1108 1674 “
1251 1681 1297 1728 sss

250 1773 414 1860 Nullaque
426 1787 493 1835 tam
505 1772 620 1836 mitem
632 1769 748 1836 credas
760 1770 915 1842 babuisse
928 1772 1115 1837 Tonantem

251 1879 416 1958 Fulmina,
430 1897 491 1942 nec
504 1875 634 1966 placido
646 1893 811 1944 commota
823 1878 967 1941 tonitrua
979 1878 1071 1942 caelo.

250 1990 370 2062 Durat,
384 2003 418 2050 et
428 1982 606 2050 adfirmans
619 2005 687 2048 non
701 1981 785 2046 ultra
798 1982 941 2071 spondet
954 1985 987 2048 in
1000 1979 1088 2073 ipsos

162 2137 171 2152 Ι
281 2153 334 2210 656.
350 2155 422 2200 radim
430 2155 437 2212 i
444 2151 492 2200 teil.
500 2162 526 2197 ut
533 2151 622 2212 pridie)
632 2147 730 2196 mbroe
735 2148 835 2204 malebat
842 2151 920 2196 earn.
929 2150 1065 2201 seruitum
1074 2149 1298 2203 etsabireineoderr

249 2218 534 2284 refrangante-ete.
547 2220 613 2278 Quod
623 2227 703 2266 tentat
712 2234 740 2264 ex
747 2219 799 2267 Put.
808 2230 831 2265 et
841 2219 866 2262 li.
877 2233 904 2272 a,
914 2221 1003 2282 recepit
1013 2221 1063 2266 lei.
1074 2233 1192 2282 tamquam
1202 2219 1296 2282 elegan-

250 2299 306 2352 tius,
317 2307 340 2342 et
350 2295 413 2358 quod
422 2297 455 2341 sie
464 2305 527 2342 terte
537 2293 594 2341 lior.
605 2292 715 2355 loquutus
724 2294 760 2340 sit.
771 2293 846 2353 Quem
855 2307 912 2339 vero
922 2291 973 2355 ejus
983 2293 1061 2342 losum
1071 2295 1197 2356 respexerit
1206 2294 1297 2349 nendo.

249 2367 309 2412 forte
321 2364 365 2412 Od.
378 2364 424 2418 lii,
436 2377 490 2418 ιιι,
505 2378 545 2424 ι9,
557 2363 598 2409 ubi
610 2371 704 2409 minere
713 2377 766 2408 eum
777 2373 862 2423 quarto
871 2377 925 2408 eren
933 2363 1049 2424 jungitur,
1062 2364 1127 2426 quod
1135 2376 1213 2412 tamen
1222 2363 1298 2426 poetis
1324 2403 1325 2406 ,

251 2435 345 2482 solenne
355 2447 402 2492 est,
412 2450 434 2479 r.
445 2451 495 2497 sup.
507 2445 556 2480 not.
568 2433 597 2479 ad
607 2435 641 2490 ll,
655 2434 692 2480 53.
703 2433 766 2480 Alius
777 2433 833 2480 lior.
846 2432 911 2480 iocus
921 2446 1001 2482 nostro
1011 2433 1114 2491 similior,
1124 2435 1169 2481 Od.
1180 2437 1200 2493 l,
1210 2447 1295 2492 xxxiv,

249 2523 264 2570 9
274 2522 309 2568 sq.
320 2504 417 2566 vulgatae
426 2503 518 2552 lectioni
526 2505 597 2551 ieret.
609 2505 670 2565 Quot
675 2503 828 2552 Tell-660.
839 2520 908 2569 rayno
917 2521 960 2568 pro
970 2503 1028 2550 belia
1037 2502 1192 2564 reliq-662.
1201 2513 1296 2552 waten-

250 2585 294 2623 tem
303 2579 329 2622 ii.
344 2592 368 2634 r,
380 2584 497 2622 conantem
510 2575 547 2622 ed.
560 2570 624 2622 lunt.
639 2587 662 2624 et
671 2575 724 2622 inde
736 2574 798 2632 abe,
808 2583 932 2623 mouentem
941 2591 984 2638 pro
995 2578 1116 2620 mmmtem
1125 2575 1231 2637 quedam
1242 2573 1296 2620 edd.

248 2659 303 2694 vett.
316 2673 347 2683 -
357 2645 411 2693 666.
419 2649 470 2709 jam
485 2648 572 2710 primus
587 2645 657 2693 edidit
670 2645 787 2693 Nicander
800 2657 824 2694 et
837 2645 890 2693 bine
903 2645 950 2694 alii.
962 2671 994 2684 -·
1005 2643 1059 2692 668.
1077 2643 1199 2708 obfirmare
1213 2643 1295 2708 legen·

248 2720 304 2767 dunt
315 2719 427 2783 putabant
437 2721 499 2767 Cart.
512 2731 534 2767 et
546 2721 574 2766 tt.
585 2721 663 2768 lleins.
676 2732 716 2766 sut
726 2719 852 2783 adfirmans
862 2719 946 2767 eodem
955 2733 1024 2766 sensu
1034 2716 1208 2782 adeipiendnm‚
1220 2729 1247 2764 ut
1258 2732 1295 2778 sp.

247 2866 412 2934 tempestatis
420 2867 571 2925 instaurata
579 2865 693 2936 imagine
704 2881 746 2916 ex·
790 2861 923 2915 altissime
934 2878 1015 2930 φιιιιιι
1026 2857 1244 2929 profundissime
1256 2859 1296 2908 in-

247 2943 335 3014 pende
352 2957 434 2996 artem
451 2962 507 2995 non
522 2943 745 2996 contemnendam
791 2939 927 3009 limoque,
954 2955 1003 2987 nee
1029 2953 1084 2986 uon
1110 2935 1293 2986 remotissimae

246 3035 333 3093 poeta
353 3023 456 3074 colores
476 3020 611 3086 variandi,
629 3041 688 3093 que
706 3033 746 3074 ert
792 3021 871 3083 (nam
883 3015 957 3068 Atlas
973 3013 1102 3066 terminas
1119 3011 1192 3062 orbis
1209 3021 1294 3059 terra·

246 3119 309 3173 pars
325 3101 424 3172 ingenii
442 3099 533 3152 Siliani
552 3102 666 3152 manime
683 3102 746 3153 insi·
792 3113 851 3148 rum
874 3113 966 3148 sersus
993 3089 1180 3160 occidentem)
1203 3101 1293 3161 partes

247 3181 306 3252 qnia
318 3193 343 3230 et
355 3181 443 3240 ferax,
455 3177 516 3229 Ern.
529 3207 563 3220 --
573 3178 634 3245 654.
646 3179 698 3231 Per
707 3199 747 3232 sn-
792 3189 985 3227 eorrtremnere.
1000 3199 1034 3212 -
1046 3169 1108 3240 659.
1121 3169 1199 3222 Erebi
1211 3165 1293 3238 lam,

248 3260 328 3311 bitum
335 3279 344 3318 ;
358 3275 383 3307 v.
395 3254 430 3307 ad
443 3257 505 3320 Vll,
520 3253 581 3325 ⁵²7·
791 3257 878 3308 infera
894 3254 955 3306 losa
971 3265 998 3305 et
1017 3269 1116 3304 manes.
1133 3281 1166 3294 -
1179 3252 1240 3306 660.
1253 3253 1293 3306 De

282 3335 343 3390 656.
363 3335 522 3387 incumbunt
542 3336 633 3400 terrie,
656 3336 683 3386 in
701 3351 746 3386 eas
793 3334 923 3405 Typioe05
939 3351 965 3383 v.
984 3330 1019 3384 ad
1032 3329 1105 3398 Vlli,
1123 3331 1289 3399 bion-661

248 3420 371 3484 inruunt,
381 3413 602 3487 ingruuntconi.
612 3416 701 3484 iisqne
711 3411 746 3464 ad
791 3431 846 3484 seq.
862 3413 968 3465 Invadit
982 3412 1086 3477 mem,
1106 3413 1291 3466 Hannibalern.

247 3499 319 3568 Virg.
331 3493 432 3550 AEneid.
444 3497 469 3560 i,
479 3493 527 3558 85,
537 3507 564 3545 et
573 3492 621 3544 Ge.
633 3493 669 3559 ll,
681 3491 709 3542 31
719 3506 745 3554 ¹3
792 3511 899 3544 -vana
913 3495 1073 3554 minantem
1084 3511 1109 3545 r.
1121 3493 1155 3546 ad
1165 3495 1191 3561 l,
1202 3493 1254 3547 306
1265 3495 1293 3544 in

247 3579 296 3642 111,
310 3569 650 3646 197;tsnis‹1fl0rar.0‹l.
663 3572 689 3638 l,
699 3587 745 3637 tu,
790 3573 821 3624 V.
829 3574 859 3625 L.
870 3599 898 3614 -
909 3570 990 3624 665...
1002 3571 1063 3642 667.
1077 3574 1158 3626 Poeta
1170 3573 1239 3626 bene
1249 3591 1293 3625 va-

248 3657 290 3709 31.
304 3683 339 3695 -
350 3673 444 3708 crenus
459 3652 550 3726 ytaeus
565 3651 745 3718 flammarum,
791 3655 884 3720 rinvit,
893 3669 952 3724 qnae
963 3671 1021 3726 sup.
1032 3669 1058 3705 v..
1069 3655 1119 3724 637
1131 3674 1171 3726 sq.
1179 3653 1291 3706 dixerat.

246 3734 359 3786 fulmina
377 3735 539 3799 nimborum,
558 3733 649 3803 spissis
670 3734 746 3785 atn's-
827 3733 949 3805 668aqq.
961 3735 1031 3787 liene
1040 3734 1144 3787 Ernesti
1154 3735 1210 3784 vtr.
1219 3731 1290 3784 Clas.

248 3831 300 3885 que
312 3811 428 3865 nubibus
443 3831 560 3865 exausta.
572 3811 613 3864 Ci.
627 3829 685 3883 sup.
699 3815 745 3882 IV,
792 3837 805 3862 ι
815 3815 947 3884 Sperneus
958 3814 1027 3867 irata
1036 3817 1147 3866 numina
1156 3809 1292 3864 Hannibal

248 3895 308 3962 441.
329 3891 406 3946 cont.
419 3893 456 3959 V,
473 3892 554 3959 384...
569 3893 635 3957 388ς
650 3893 743 3964 virgil.
792 3891 907 3965 spondet
926 3893 1054 3946 militibus
1074 3894 1145 3955 suis,
1166 3892 1187 3944 si
1208 3891 1291 3943 modo

247 3973 345 4044 θροις.
362 3975 387 4038 l,
404 3971 455 4026 328
468 3991 535 4043 seq,
547 3987 574 4026 et
587 3975 678 4027 llorat.
691 3972 743 4026 Oti.
791 3975 872 4026 iortes
894 3974 977 4024 futuri
994 3975 1062 4039 sint,
1083 3970 1196 4024 similem
1219 3971 1291 4026 diem

247 4057 272 4122 l,
284 4069 377 4121 nutv,
390 4053 435 4106 5...
451 4071 490 4106 ra.
503 4052 601 4108 Sensus
614 4053 641 4105 b.
654 4053 671 4105 Ι.
686 4068 743 4107 est:
789 4055 817 4106 in
830 4067 969 4126 posterum
983 4067 1129 4123 numquam
1142 4049 1290 4104 rediturum

247 4136 360 4188 'l'onitrn
374 4145 430 4186 tota
439 4147 542 4188 ,natata
558 4135 585 4186 ei
598 4147 673 4188 terre
690 4147 744 4187 tam
790 4151 856 4188 esse.
875 4134 937 4186 lion
950 4143 1059 4206 poterat
1074 4131 1190 4202 superba
1202 4133 1291 4202 inpie·
