2872 4644
509 407 512 414 ’
584 382 779 450 ΗΕΥΝΜ.
1139 387 1201 451 503

159 525 294 598 efficere
308 551 348 594 ac
360 527 521 618 perlicere
536 530 653 619 possit,
670 543 744 619 quat
757 543 866 593 autem
880 527 1011 618 publice
1026 527 1119 594 utilia
1132 548 1203 594 esse

158 641 293 724 viderit,
308 646 460 736 populari
474 645 697 736 praeceptione
711 641 927 734 popularibus
941 644 1008 710 suis
1022 661 1202 734 proponat,

159 753 257 823 docta
268 769 380 825 autern
392 779 429 827 ac
442 759 574 826 subtilia
586 758 691 825 rlootia
705 757 926 824 etsubtilibus
939 757 1079 847 ingeniis
1091 760 1203 852 propi·

159 870 268 936 nanda
282 889 355 940 ease
368 873 538 963 intelligat.
554 875 671 963 ltaque
684 891 748 938 nec
758 871 824 938 hoc
838 871 901 938 sibi
915 889 968 937 aut
983 873 1136 938 sumserit
1146 889 1204 938 aut

159 983 230 1052 fleri
241 1005 338 1079 potae
350 991 530 1080 putauerit,
543 1005 581 1057 ut
592 988 634 1054 ad
648 1009 736 1070 eam,
751 1009 850 1079 quam
861 984 1204 1079 lacilealiquisanimo

157 1101 219 1167 sibi
236 1095 361 1194 fingere
375 1123 500 1198 potest,
516 1098 757 1197 perfectionem
773 1105 881 1170 omnis
897 1120 977 1192 gens
991 1103 1136 1169 humana
1150 1099 1206 1168 ad·

157 1219 314 1288 ducatur:
329 1223 603 1316 quandoquidem
614 1241 668 1304 ea,
682 1218 802 1313 quibus
813 1221 877 1288 hoc
888 1219 976 1287 ellici
987 1224 1104 1312 possit,
1117 1243 1208 1286 caus·

157 1335 200 1401 sis
219 1341 435 1407 continentur
450 1341 607 1420 externis,
629 1360 709 1430 quus
726 1359 891 1428 nusquam
911 1351 1074 1403 terrarum
1090 1335 1206 1403 adesso

158 1447 324 1534 videmus,
343 1453 408 1520 hoc
419 1470 484 1535 cst,
503 1451 669 1541 praesidia,
685 1467 780 1541 opea,
797 1451 984 1530 facultates,
1001 1451 1071 1517 sine
1086 1450 1206 1540 quibus

159 1565 192 1627 iu
208 1563 308 1654 longe
322 1567 464 1634 maxima
478 1567 651 1634 hominum
665 1581 775 1655 parte,
794 1587 869 1657 quae
882 1561 925 1632 ad
935 1565 1019 1632 viles
1033 1585 1142 1644 curas,
1160 1561 1207 1629 ti-

157 1694 282 1761 mores,
300 1699 479 1764 aerumnas,
497 1683 646 1749 omnium
662 1697 776 1747 rernm
789 1680 952 1748 bonarum
969 1679 1131 1770 inopiam,
1149 1677 1206 1744 cle-

131 1813 141 1822 ·
157 1811 269 1886 presta
288 1813 351 1880 eat,
367 1815 411 1865 ue
427 1815 540 1866 tensus
555 1796 690 1889 quidem
708 1775 893 1876 communis
908 1774 1040 1862 eucitan'
1055 1815 1111 1862 aut
1126 1793 1207 1884 erigi

157 1913 412 1998 potestverum
422 1909 464 1980 ad
475 1933 512 1980 eu
523 1910 733 1978 redeundum
744 1927 804 1992 est,
815 1909 1206 2001 aqulbnsaetatisnoetrae

158 2025 315 2114 opinandi
328 2029 465 2096 faunus
477 2049 537 2096 nos
552 2027 743 2095 abduxerat.

200 2142 359 2211 Lectione
371 2161 546 2235 poetarum
557 2145 694 2210 omuino
705 2119 885 2221 vindicata,
896 2153 1014 2221 restat,
1025 2155 1064 2205 ut
1073 2137 1111 2203 de
1120 2153 1207 2204 recta

157 2273 263 2324 eorum
272 2259 402 2328 ἰεσιίαιε
411 2267 442 2328 et
452 2241 822 2354 totnpret'ottonepaooa
833 2273 1038 2324 moneamus.
1052 2253 1206 2322 averbo-

157 2390 231 2440 rum
247 2396 359 2444 autern
376 2379 649 2469 intetpretatiooe
665 2377 798 2444 oninern
810 2375 992 2442 lectionem
1005 2373 1204 2464 procedere,

158 2499 191 2553 et
203 2489 341 2579 quidem
353 2509 502 2559 accuratu
515 2507 549 2558 et
560 2489 722 2558 sermoni&
734 2489 839 2556 iurloli
852 2503 1089 2567 consentanea,
1104 2503 1205 2554 nemo

158 2619 226 2665 non
243 2601 412 2692 intelligit3
430 2605 462 2668 ln
478 2616 577 2694 poete
593 2618 705 2669 autem
719 2598 763 2668 i‘to
781 2585 881 2693 porro
899 2623 937 2668 ea
954 2603 1101 2667 instituta
1118 2618 1204 2680 esto,

159 2723 210 2794 ut,
229 2733 304 2807 quoe
316 2719 457 2784 orationi
469 2720 610 2809 poeticae
621 2699 756 2811 propria
768 2719 848 2800 sint,
867 2739 942 2810 quae
957 2705 1109 2784 ornatur'n
1125 2727 1205 2784 con·

158 2830 309 2912 stituent,
333 2849 408 2922 qnae
431 2855 546 2901 sensns
569 2849 726 2901 moveant
749 2849 783 2900 et
806 2829 993 2923 impellant,
1017 2831 1205 2912 sententiae,

157 2943 258 3010 verba
276 2963 310 3012 et
326 2946 442 3014 formae
455 2947 632 3039 loquendi,
650 2963 817 3015 notentur.
835 2946 1026 3035 Optandum
1043 2967 1121 3012 sane
1138 2960 1204 3024 est,

155 3079 193 3126 ut
205 3061 246 3142 ie,
261 3063 318 3151 qui
330 3063 580 3154 interpretatur,
593 3064 727 3152 poetico
739 3060 885 3153 quodam
898 3061 1007 3128 calore
1019 3077 1052 3126 et
1064 3061 1135 3150 ipse
1147 3059 1203 3124 iu-

156 3178 310 3258 calescat,
324 3193 373 3257 et,
387 3181 518 3269 quoties
530 3177 572 3243 ad
585 3179 726 3267 iusignia
737 3177 808 3243 loca
820 3177 1010 3256 accesserit,
1023 3199 1140 3242 sensus
1153 3177 1216 3242 sui'

155 3294 269 3382 rigore
281 3318 320 3360 ac
331 3295 364 3360 vi
377 3294 504 3360 imbuat
517 3293 614 3375 alios,
629 3293 745 3359 saltem
759 3289 801 3358 ud
817 3315 855 3358 ee
866 3293 938 3361 loca
951 3291 1156 3360 observanda
1171 3307 1205 3356 et

156 3407 363 3474 enucleanda
378 3406 570 3497 diligentior
584 3407 654 3498 ejus
670 3408 731 3472 erit
745 3429 861 3496 opera3
877 3422 914 3471 ut
927 3404 1046 3471 reddet
1058 3427 1202 3482 caussas,

157 3547 215 3588 cur
229 3524 295 3592 hoc
311 3526 365 3592 vel
381 3523 464 3591 illud
481 3526 655 3614 insigniter
669 3523 813 3614 placeat,
834 3547 895 3590 cur
911 3523 974 3589 alia
992 3537 1121 3588 nuceta
1137 3521 1203 3586 siut

159 3639 363 3728 simpliciter,
381 3642 444 3707 alia
460 3641 594 3729 copiose
611 3657 645 3705 et
659 3657 789 3721 ornute;
808 3637 900 3730 quod
915 3637 1032 3702 melius
1049 3634 1202 3726 iutelligi-

159 3767 227 3831 tur,
240 3753 267 3819 si
277 3753 320 3818 ad
332 3754 483 3844 vulgares
495 3751 655 3846 loquendi
668 3753 786 3819 modos
797 3775 836 3818 ec
848 3752 970 3818 formes
982 3773 1019 3816 ea
1031 3773 1203 3816 revocave-

157 3867 216 3946 ris;
230 3868 274 3931 itu
287 3869 375 3932 enim
387 3870 543 3935 orationis
555 3869 680 3936 lumina
693 3884 727 3934 et
739 3883 946 3945 ornamenta,
960 3867 1085 3956 ingenii
1097 3867 1202 3954 copiae

159 3997 192 4046 et
203 3997 311 4069 poetae
323 3983 471 4062 iuventa,
489 3985 606 4050 melius
620 3983 822 4050 elucescunt.
837 3983 988 4072 Pingitur
1000 3981 1046 4046 sic
1061 4002 1122 4067 per
1135 3979 1201 4042 siu-

156 4094 233 4185 gula
247 4093 318 4162 haec
333 4095 505 4162 observatu
516 4119 632 4164 sensus
644 4098 790 4187 pulchri,
807 4099 891 4177 veri,
907 4096 1003 4174 recti,
1019 4091 1147 4158 acuitur
1158 4087 1200 4152 ad
