2872 4644
521 383 851 452 ARGUMENTA.

200 525 365 601 Conlectis,
377 545 507 608 propere
517 537 603 588 trans
615 525 704 608 Alpes
715 525 803 607 signa
814 526 942 605 ferebat,

200 620 345 700 Laetaque
355 615 498 678 Taurinis
510 616 616 676 statuit
626 616 756 676 tentoria
768 619 891 699 campis.

601 763 702 804 nrnnr
725 763 773 804 Π.

241 877 337 936 Fama
348 873 445 951 volat,
458 876 591 936 Poenum
603 876 697 958 signis
707 873 872 936 hostilibus
883 873 973 958 Alpes

200 962 431 1024 Transcendisse
441 962 565 1037 ducem3
578 965 650 1025 totis
662 962 834 1046 trepidatur
844 964 877 1022 in
890 963 980 1045 agris.

202 1053 388 1124 Consultant
400 1055 501 1114 Patres
512 1054 551 1115 de
563 1053 659 1130 bello,
673 1055 849 1136 intactaque
861 1073 985 1113 rursum

200 1142 272 1204 Tela
284 1154 410 1203 novant.
423 1141 546 1226 Libycis
557 1142 718 1204 ostendens
730 1141 891 1202 Hannibal
903 1141 1014 1202 urbem

199 1233 366 1309 Militibus,
379 1232 491 1315 praedae
504 1233 631 1317 cupidos
643 1232 771 1294 acuebat
782 1253 887 1296 amore

199 1322 246 1384 ad
259 1344 406 1406 pugnam.
420 1324 538 1384 Interea
550 1323 668 1384 volucri
680 1336 746 1384 rate
757 1323 856 1405 Scipio
869 1321 976 1382 consul

200 1412 345 1474 Massiliae
357 1411 428 1473 fidis
440 1411 545 1473 aderat
555 1413 673 1474 delatus
685 1411 725 1472 ab
737 1413 799 1472 oris
811 1435 818 1471 ε

201 1499 409 1581 Obcurritque
420 1496 501 1560 bosti
511 1501 609 1560 Ticini
622 1500 660 1560 ad
673 1499 812 1561 fluminis
823 1497 951 1560 undam.

201 1589 302 1670 Atque
313 1587 356 1648 ibi
367 1601 443 1648 tunc
456 1589 556 1670 prima
568 1589 731 1650 caluerunt
741 1587 832 1650 litora
846 1610 960 1671 pugna.

202 1675 259 1737 Sed
272 1675 382 1737 consul
392 1677 509 1739 Trebiae
520 1679 659 1739 vicinum
671 1677 770 1760 Scipio
782 1675 892 1737 collem

203 1763 317 1826 Cedere
328 1766 505 1849 compulsus
518 1767 623 1850 petiit:
636 1788 700 1847 quo
713 1767 799 1827 venit
810 1779 840 1826 et
852 1767 915 1848 ipse

203 1852 345 1914 Consulis
357 1853 476 1914 adcitus
487 1853 589 1915 Siculo
602 1853 716 1936 collega
729 1853 846 1914 Peloro.

203 1943 307 2004 Hostis
320 1943 371 2005 sed
384 1964 488 2004 rursus
500 1945 614 2020 victor,
627 1945 806 2027 spumantia
818 1956 943 2026 captum

201 2031 274 2094 Post
285 2034 485 2117 Apenninum
495 2034 678 2116 Trasymeui
690 2045 799 2114 stagna
812 2033 943 2116 petebat.

615 2187 719 2230 urum
743 2187 771 2227 V.

244 2293 381 2378 adparat
392 2292 444 2356 bic
455 2311 595 2378 pugnam
607 2295 791 2380 Superisque
803 2293 977 2356 vetantibus
988 2294 1087 2354 audax

205 2383 376 2444 Flaminius
385 2385 478 2466 Tyrio
489 2385 673 2466 Trasymeni
687 2383 726 2443 ad
739 2396 847 2464 stagna
859 2397 997 2466 tyranno

207 2469 428 2552 congreditur,
441 2472 595 2553 quamvis,
608 2469 744 2552 prudens
757 2471 891 2530 Corvine
902 2469 1016 2544 futuri,

207 2560 319 2620 Orares
331 2559 464 2620 dominae
475 2581 529 2642 per
537 2559 689 2622 Dardana
700 2560 816 2620 moenia
827 2561 950 2635 Romae,

210 2645 336 2709 Cederet
346 2659 383 2707 ut
393 2646 464 2708 fatis
475 2648 606 2730 paulum
618 2646 835 2727 ominibusque
846 2647 985 2707 sinistris.

209 2735 267 2797 Sed
279 2755 405 2818 poenam
417 2737 544 2812 meruit,
557 2755 675 2818 proque
686 2732 735 2796 bis
746 2737 927 2796 temerarius
938 2737 1017 2796 ausis

210 2823 382 2902 Obcubuit,
393 2824 465 2886 diro
477 2825 611 2886 telorum
623 2825 783 2908 obpressus
795 2827 829 2886 in
841 2845 918 2885 arvo

210 2913 342 2995 Agmine
352 2938 359 2975 ε
371 2912 470 2974 multa
483 2925 587 2975 tamen
600 2913 660 2974 leto
673 2912 758 2974 dedit
768 2925 840 2974 ante
850 2913 990 2973 virorum

209 3002 361 3085 Corpora,
373 3017 404 3065 et
415 3003 541 3064 inferias
553 3005 681 3086 nigrum
693 3003 752 3064 sibi
764 3004 849 3063 misit
860 3003 900 3063 ad
913 2997 1052 3063 Orcum(

209 3093 294 3154 Inter
303 3113 383 3176 quos
395 3094 500 3154 stricto
513 3092 622 3154 cecidit
633 3113 782 3155 mucrone
794 3091 951 3176 Sychaeus,

210 3181 305 3242 Filius
317 3179 527 3242 Hasdrubalis.
540 3181 579 3240 At
591 3195 758 3264 postquam
771 3201 876 3264 pugna
889 3180 1004 3262 quievit

211 3271 333 3330 Funere
344 3269 507 3346 Flaminii,
522 3269 618 3330 victor
628 3271 763 3352 Magone
776 3280 920 3352 sequente

210 3359 293 3420 Exiit
304 3360 343 3420 ad
356 3381 463 3435 cassos,
476 3361 631 3442 armisque
643 3362 798 3443 minisque
809 3360 934 3422 retentis

210 3450 449 3532 Pectoribusque
460 3449 560 3510 solum
572 3463 740 3512 sternentes
752 3451 888 3534 repperit
898 3467 1026 3510 omnes.-

616 3611 717 3652 LlBRl
739 3610 787 3651 Vl.

252 3721 347 3798 Hinc,
360 3723 476 3805 quibus
486 3721 553 3805 boec
565 3721 637 3783 belli
650 3735 680 3783 et
691 3741 804 3806 pugnas
816 3721 945 3782 fortuna
958 3719 1106 3802 pepercit,

216 3804 317 3888 Elapsi
329 3808 437 3871 furtim
450 3810 569 3871 diversa
582 3829 638 3894 per
650 3811 719 3869 avia
732 3811 817 3870 caecis

217 3896 400 3960 Conduntur
410 3899 542 3962 tenebris
555 3901 646 3982 picese
658 3913 688 3961 et
700 3899 832 3980 caligine
844 3899 950 3960 noctis.

217 3981 279 4042 llos
292 3984 371 4044 inter
382 3985 505 4067 fugiens
517 3989 678 4063 Serranus,
690 3985 818 4047 vulnere
829 3985 950 4060 tardus,

216 4068 262 4129 Ad
275 4073 369 4154 patn's
380 4074 543 4154 quondam
555 4075 698 4135 comitem
709 4074 852 4150 devertit,
865 4085 894 4134 et
905 4073 970 4154 ipsa

216 4159 307 4220 Tecta
317 4161 398 4222 Mari
410 4163 554 4244 armigeri
566 4163 709 4245 pulsabat
720 4161 782 4224 fida
796 4163 934 4243 paterni:

1145 385 1207 469 489
