2930 4644
354 346 417 412 DE
439 345 558 412 SlLll
581 345 697 409 VITA
720 344 783 409 ET
806 345 1039 411 canullan.
1160 347 1222 433 437

174 499 244 544 rare
273 500 382 570 potest.
412 493 484 550 Post
507 490 647 551 Marsum
674 508 761 550 anno
787 509 902 550 crorurv
932 503 1055 573 poetam
1080 502 1224 550 nostrum

174 567 269 631 edidit
291 576 439 636 Martinus
459 574 689 658 Herbipolensis,
711 576 765 658 qui
788 574 915 659 singulis
935 575 1020 638 libris
1041 589 1224 659 argumenta

175 659 341 724 Hermanni
351 665 471 726 Bruchii
483 665 646 749 Pasiphili,
664 667 793 728 natione
804 665 986 749 westphali,
998 666 1124 728 addidit
1137 665 1224 750 Ejus·

175 743 245 807 dem
259 749 398 835 deinceps
409 751 532 814 Buschii
547 751 660 815 scholia
677 754 811 836 margini
823 754 994 814 editionum
1008 755 1222 816 anilcensium

175 853 211 893 ac
230 837 374 902 Parisinae
393 842 523 904 Colinaei
542 842 658 926 adjecta
677 855 766 916 sunt;
787 864 872 925 quae,
893 843 1034 925 quamvis
1053 846 1113 904 vice
1133 843 1226 904 uberis

174 933 374 990 commentarii
389 953 448 992 esse
463 953 544 1014 posse
560 933 719 1007 dicantur,
737 951 809 993 raro
827 931 1000 1014 quidquam
1015 931 1108 998 bonae
1127 931 1226 1014 frugis

173 1027 328 1092 prestant.
341 1019 513 1080 Martinum
529 1019 782 1102 Herbipolensem
799 1032 829 1078 et
846 1017 1013 1080 Bnachium
1027 1020 1165 1102 proxime
1178 1041 1225 1080 ex·

174 1102 253 1183 cepit
277 1106 447 1170 Ambrosius
474 1109 623 1170 Nicander
646 1109 832 1185 Toletanus,
859 1110 912 1190 qui
934 1109 1065 1170 editioni
1088 1111 1226 1170 luntinoa

174 1191 250 1251 anni
263 1212 385 1256 craraxv
401 1198 533 1281 praefuit.
550 1195 715 1280 Magnifice
730 1195 780 1258 hic
795 1197 828 1257 in
842 1195 1024 1280 prefatione
1038 1195 1078 1256 ad
1089 1198 1227 1256 Lauren·

172 1279 253 1341 tium
271 1283 419 1348 Medicam
438 1301 581 1364 testatur,
600 1287 709 1350 Silium
728 1307 807 1348 asna
823 1299 889 1347 arte
903 1285 1069 1348 faberrime
1082 1286 1227 1369 politum,

173 1378 203 1425 et
214 1371 353 1453 pervigili
366 1395 441 1436 cura
453 1376 609 1437 serenitati
627 1375 763 1459 pristina
778 1376 954 1436 restitutum
964 1396 1023 1458 ope
1034 1375 1226 1436 vetustissimi

174 1459 352 1540 exemplaris
370 1465 471 1524 Roma
488 1466 621 1540 advecti,
643 1481 735 1546 atque
755 1465 901 1525 omnibus
924 1463 1053 1525 maculis
1073 1463 1227 1524 detersum

174 1543 407 1634 delecatnmque
422 1575 494 1615 esse.
505 1581 519 1612 a
538 1557 654 1616 Verum
673 1568 798 1614 tantum
815 1554 913 1629 abest,
934 1567 969 1614 ut
987 1553 1145 1637 splendida
1163 1552 1234 1613 haec

174 1633 255 1698 dicta
273 1636 360 1702 factis
378 1645 558 1726 aequaverit,
580 1658 615 1705 ut
635 1645 739 1728 potius
756 1646 863 1706 omnia
881 1647 1037 1706 contraria
1056 1645 1229 1727 praestitisse

174 1723 321 1790 dicendus
337 1731 383 1791 sit
400 1733 485 1794 Nulli
500 1735 585 1794 enim
602 1735 800 1816 scriptorum,
818 1735 873 1815 qui
889 1755 925 1794 ex
941 1735 1113 1795 miserrimo
1128 1733 1229 1794 bona-

174 1834 245 1876 rum
259 1819 372 1882 artium
390 1823 553 1906 naufragio
570 1823 664 1906 elapsi
681 1837 886 1884 monumenta
898 1824 1016 1906 ingenii
1031 1823 1070 1884 ad
1087 1837 1228 1884 nostram

174 1907 354 1968 memoriam
372 1925 600 1994 propagarunt,
620 1911 709 1994 plura
728 1932 763 1971 ac
781 1911 951 1973 scelestiora
970 1912 1098 1973 vulnera
1118 1909 1229 1972 inflixit

173 2005 228 2052 ant
239 1991 318 2056 foeds
332 2001 474 2080 priorum
488 2013 666 2083 temporum
675 1999 848 2075 barbaries,
865 2013 920 2060 aut
935 1999 1071 2060 inlausta
1088 1999 1227 2061 librario·

172 2105 243 2144 rum
263 2085 437 2167 inscientia,
460 2104 491 2152 et
511 2091 612 2152 audax
634 2091 822 2151 Criticorum
846 2091 1016 2165 temeritas,
1036 2111 1132 2172 quam
1153 2089 1226 2152 Silio

172 2170 277 2234 intulit
295 2174 518 2240 inconsiderata
536 2177 629 2262 hujus
646 2175 784 2239 hominis
803 2177 945 2239 mutandi
962 2179 1089 2260 prurigo
1102 2191 1132 2238 et
1146 2179 1227 2238 insa·

173 2260 238 2334 nia,
256 2275 290 2321 ut
306 2266 418 2347 passim
437 2287 472 2328 cx
490 2265 747 2328 adnotationibus
764 2267 875 2328 nostris
891 2265 1015 2349 patebit
1029 2266 1157 2326 Utinam
1173 2266 1228 2348 igi-

174 2363 225 2408 tur
243 2351 356 2413 imitari
375 2355 531 2417 maluisset
547 2353 721 2438 exemplum
734 2357 878 2415 Damiani
896 2353 1057 2436 cujusdam
1075 2358 1226 2430 Berressoe,

173 2459 266 2518 quem
280 2440 488 2522 reprehendit,
500 2444 587 2526 quod
599 2443 706 2504 Silium
718 2463 737 2503 a
749 2464 780 2504 se
791 2443 991 2504 emendatum
1002 2442 1110 2527 jactet,
1129 2465 1227 2526 quum

175 2545 211 2584 ex
229 2524 298 2601 illo,
317 2530 371 2609 qui
389 2531 482 2612 vulgo
497 2531 785 2606 circumferebatur,
804 2532 1010 2615 descripserit!
1030 2533 1110 2592 Nam
1126 2533 1151 2592 si
1166 2534 1229 2615 ipse

176 2612 315 2674 etiamid
330 2614 429 2678 facere
444 2620 478 2679 in
494 2620 636 2680 animum
651 2619 834 2696 induxisset,
850 2621 910 2679 viri
928 2619 1009 2682 docti
1025 2639 1126 2702 operas
1140 2635 1171 2680 et
1187 2621 1229 2680 la·
1255 2663 1259 2690 ι

98 2751 101 2759 .
178 2701 249 2762 bori
264 2703 297 2763 in
312 2717 360 2766 tot
376 2707 634 2792 ineptissimarum
649 2709 819 2772 lectionum
835 2711 982 2771 monstris
1000 2707 1231 2786 exhauriendis,

177 2809 247 2871 quae
259 2794 371 2874 passim
383 2796 485 2858 invitis
494 2799 589 2859 Musis
601 2811 631 2859 et
643 2797 786 2881 Apolline
796 2799 960 2860 tersissimo
971 2811 1071 2881 poetae
1085 2799 1231 2873 obtrusit,

180 2899 303 2960 parcere
314 2885 494 2964 potuissent
506 2887 565 2946 Per
575 2885 722 2948 Nicandri
734 2897 839 2946 tamen
853 2886 977 2967 vestigia
991 2885 1130 2947 incedere
1141 2885 1232 2947 libuit

181 2982 282 3050 postea
294 2973 450 3035 nuncaco
462 2975 607 3052 Aeniam,
619 2977 675 3058 qui
685 2973 827 3036 editionis
843 2974 962 3036 Aldinae
979 2977 1055 3036 anni
1070 2991 1243 3037 crotaxxnr'

178 3079 286 3120 curam
302 3057 427 3137 habuit,
444 3076 478 3125 ut
494 3065 662 3126 editionem
675 3067 840 3126 luntinarn
856 3086 923 3127 nou
938 3065 1047 3126 vidisse
1058 3066 1231 3126 existirnanv

179 3145 236 3206 dus
255 3147 293 3208 sit
310 3149 468 3230 Barthius,
479 3155 535 3236 qui
549 3154 589 3217 ad
606 3155 694 3216 Statii
709 3151 854 3216 Thebaid.
868 3155 921 3231 lv,
937 3176 966 3216 v.
982 3177 1058 3237 717,
1074 3153 1181 3216 Silium
1193 3153 1231 3214 alr
1302 3192 1306 3212 t

178 3235 258 3298 Aldo
273 3236 321 3300 vel
334 3235 395 3321 ajin
408 3255 563 3305 correctore
572 3243 661 3328 plotae
669 3243 816 3328 perditum
828 3244 915 3320 dicit,
932 3246 1016 3327 quod
1027 3244 1066 3305 de
1078 3242 1232 3305 Nicandro

179 3329 371 3392 meritissime
390 3333 549 3414 praedicari
567 3347 676 3418 potest.
693 3337 731 3396 ln
747 3355 782 3397 eo
798 3349 903 3396 tamen
919 3358 938 3396 a
951 3335 1082 3396 taurina
1100 3335 1233 3394 discessit

179 3415 272 3478 editio
288 3417 414 3496 Aldina,
427 3423 510 3504 quod
521 3423 611 3484 initio
621 3421 692 3483 libri
704 3424 804 3485 octavi
815 3423 968 3484 Asulanus
983 3444 1019 3483 cx
1030 3421 1137 3482 Jacobi
1150 3423 1232 3482 Con·

180 3509 284 3568 stantii
295 3508 485 3575 collectaneis
496 3514 607 3574 criticis
622 3533 726 3574 versus
737 3527 871 3595 quatuor
883 3528 914 3574 ct
929 3512 1102 3593 octoginta,
1115 3511 1148 3571 in
1160 3510 1232 3570 Gal·

181 3591 238 3671 lia,
254 3611 290 3657 ut
304 3599 407 3677 aiunt,
424 3616 575 3686 repertos,
592 3603 710 3686 primus
724 3601 895 3664 inseruerit.
908 3605 982 3663 Post
995 3600 1062 3660 haec
1075 3613 1233 3683 tempora,

182 3705 251 3765 quar
264 3693 487 3754 renascentium
503 3694 664 3756 literarum
682 3695 770 3776 quasi
789 3693 922 3754 infantia
933 3691 1077 3774 quasdam
1093 3702 1147 3750 aut
1161 3713 1233 3772 puc-

183 3773 253 3834 ritia
265 3781 415 3864 censenda
430 3798 516 3861 sunt,
529 3783 641 3846 certior
652 3782 823 3865 clariorque
838 3797 935 3866 poetae
950 3795 1054 3842 nostro
1067 3779 1121 3840 lux
1133 3780 1233 3843 obful-

182 3883 253 3944 gere
264 3867 366 3949 coepit.
380 3869 485 3948 Quum
500 3874 585 3934 enim
599 3871 760 3934 bodonicus
774 3873 910 3946 carrion,
927 3871 1003 3932 dum
1017 3867 1235 3932 bibliothecam

183 3951 400 4018 Coloniensem
418 3958 593 4041 diligentius
613 3959 771 4036 lustraret,
790 3962 823 4020 in
842 3959 1023 4020 venerandae
1045 3960 1235 4040 antiquitatis

183 4043 446 4127 manuscriptum,
464 4045 529 4110 haec
544 4050 662 4110 Punica
680 4051 855 4124 continens,
873 4049 959 4131 quod
975 4061 1113 4130 tempore
1132 4043 1236 4104 Caroli

181 4129 292 4214 Magni
305 4145 464 4196 curatum
476 4133 567 4198 lause
581 4136 743 4220 opinatur,
759 4135 927 4212 incidisset,
943 4136 1016 4218 cq'ns
1025 4133 1136 4194 auxilio
1152 4148 1247 4212 span·
