2872 4644
197 395 796 422 mnumnmwwtmmmwnm
800 397 1137 420 mmmm
1142 397 1237 420 mm

392 579 988 708 ‘ARGUMENTA

220 861 366 968 xvu
393 863 746 971 unaoauu
770 861 930 969 snu
958 859 1213 968 naun

626 1126 808 1174 AUCTORE

246 1326 570 1420 HERMANNO
592 1329 840 1418 BUSCHIO
860 1327 1181 1420 PASIPHILO.

567 1738 574 1752 ¹
642 1774 745 1816 urunt
766 1779 787 1816 1.

226 1880 263 1972 Ρ
263 1932 401 1975 nrncnuo
412 1915 534 1998 Libycae
546 1913 727 1976 describitur
737 1913 822 1974 urbis
836 1915 933 1996 origo.

225 2002 357 2088 Junonis
368 2003 498 2064 stimulis
510 2002 585 2064 furit
596 2001 647 2064 hic
659 2023 735 2085 puer
746 2002 907 2062 Hanniba-l
920 2015 1018 2079 actus,

223 2091 262 2150 Et
269 2091 356 2175 jurat
366 2092 467 2153 medio
478 2113 534 2175 per
546 2093 663 2152 Punica
674 2091 807 2151 numina
820 2091 950 2173 templo,

222 2180 257 2240 Se
268 2179 334 2241 fore
345 2181 492 2242 Romanis
504 2177 624 2242 hostem
637 2179 824 2264 patientibus
837 2180 939 2240 annis.

222 2268 342 2352 Adcipit
353 2269 517 2355 imperium
530 2283 598 2353 post
608 2268 673 2330 baec
685 2289 838 2330 successor
850 2270 950 2352 iniqui

221 2356 437 2420 Hasdrubalis:
450 2359 529 2419 dura
542 2360 655 2443 premit
666 2357 825 2419 obsidione
836 2357 1024 2440 Saguntum,

220 2447 257 2505 ln
268 2469 331 2528 qua
342 2447 478 2508 Dulichii
490 2450 588 2508 virtus
600 2449 737 2508 interrita
748 2447 850 2507 Murri

220 2535 392 2616 Spectatur,
404 2538 501 2598 donec
515 2537 612 2618 rigido
624 2537 705 2598 cadit
717 2558 787 2598 ense
798 2535 906 2597 ferocis

220 2624 412 2686 Hannibalis.
425 2627 559 2686 Romam
571 2627 649 2687 cives
660 2626 742 2687 clam
754 2625 851 2685 milite
863 2625 954 2707 pauci

219 2712 352 2773 Sarrano
365 2714 463 2788 missi;
476 2715 583 2776 Sicoris
595 2737 674 2799 quos
687 2717 767 2777 iuter
778 2714 922 2776 acerbam

219 2799 354 2882 Exponit
363 2815 477 2863 sortem
490 2803 632 2864 Patribus
644 2803 806 2886 fatumque
818 2821 954 2862 suorum.

218 2888 286 2956 Nec,
291 2910 391 2966 mora,
403 2890 495 2972 legati
506 2893 589 2974 pacis
601 2892 744 2976 pactique
752 2891 903 2977 jubentur

216 2977 343 3038 Poscere
354 2991 511 3061 ruptorem
522 3005 529 3040 z
542 2993 572 3040 et
583 2981 676 3064 spreti
688 2980 727 3041 de
739 2989 955 3040 morevetusto

213 3066 324 3126 Tristia
337 3065 506 3150 foedifragis
518 3067 652 3128 indioere
665 3067 768 3150 praelia
780 3066 894 3127 Poenis.

208 3175 266 3226 Hoc
278 3187 479 3246 argumentum,
495 3173 569 3248 quod
585 3176 613 3226 in
629 3173 694 3228 edit.
712 3193 736 3228 a.
757 3172 839 3244 1504,
852 3172 1002 3236 invenitur,
1014 3173 1041 3224 in
1053 3170 1226 3242 sequentibus

173 3253 296 3306 omnibus
313 3257 442 3306 omissum
455 3266 495 3308 est
507 3277 513 3307 t
526 3253 598 3307 unde
610 3255 679 3307 Dan.
694 3255 833 3321 Heinsius,
849 3254 896 3324 qui
908 3251 985 3304 libris
999 3249 1056 3306 Silii
1069 3263 1226 3322 argumenta

173 3331 279 3385 buscbii
291 3335 452 3405 preposuit,
465 3331 545 3404 hujus
563 3331 626 3386 libri
639 3333 743 3385 nullum
757 3349 816 3386 esse
830 3329 958 3398 credens,
975 3347 1074 3383 novum
1086 3327 1154 3382 illud
1167 3347 1228 3382 vet-

173 3407 213 3461 bis
226 3411 282 3464 Silii
293 3413 455 3484 composuit.

250 3519 424 3595 Hannibal,
437 3541 622 3602 exsuperans
633 3533 715 3596 astu,
728 3519 780 3582 sed
791 3517 898 3580 devius
910 3516 1006 3602 aequi,

210 3607 321 3688 Tangit
332 3606 470 3667 Elissaeas
483 3605 592 3689 palmis
599 3605 789 3688 juvenilibus
801 3627 884 3683 aras,

212 3693 250 3752 Et
261 3695 360 3775 patrio
369 3694 455 3777 jurat
467 3695 563 3756 cineri
575 3694 743 3756 Laurentia
754 3693 843 3754 bella.

212 3782 301 3857 lude,
313 3783 368 3844 ubi
378 3783 456 3846 flore
467 3805 548 3847 novo
561 3783 699 3868 pubescit
711 3781 832 3842 firmior
844 3793 931 3857 tems,

204 3869 329 3954 ‘Emicat
340 3871 372 3929 in
383 3871 529 3949 Martem,
541 3884 586 3948 et,
599 3871 714 3932 caleam
724 3869 854 3945 foedere,
866 3867 992 3928 tandem

212 3959 316 4019 Prima
327 3959 509 4040 Saguntinas
522 3963 693 4023 turbarunt
703 3960 825 4022 classica
837 3970 952 4042 portat,

209 4045 352 4129 bellaque
362 4061 463 4109 sumta
474 4053 542 4112 viro
554 4050 627 4112 belli
639 4049 765 4132 majoris
777 4069 893 4110 amore.

208 4133 347 4199 Pandere
354 4135 541 4220 jamdudum
553 4137 828 4221 portas„etcedere
838 4134 919 4198 vallo
