2930 4644
249 337 313 420 rsa
579 331 956 398 couneumrro

246 485 303 542 bus
317 473 466 538 habendae
480 484 510 536 et
523 469 759 556 amplectendas
776 471 930 554 permulta
942 473 1067 554 quidem
1085 475 1152 536 loca
1167 475 1221 536 vel
1240 475 1319 536 fru-

243 585 305 632 stra
319 563 504 638 sollicitavit,
522 561 570 622 vel
587 561 697 636 nimia,
712 562 767 622 etsi
779 582 845 622 non
859 582 908 636 oa,
922 581 984 642 qua
998 562 1147 646 lascivae,
1166 566 1318 626 conexit

243 655 380 718 audacia.
395 651 450 714 Sed
465 650 581 731 ingenii
593 649 803 730 doctrinaeque
816 649 1011 731 magnitudo,
1026 653 1117 711 mam
1131 653 1187 712 ubi
1198 666 1314 726 errat,

242 747 337 828 digna
350 757 395 804 est
408 762 503 824 quam
516 739 721 814 admiremur,
737 753 767 800 et
780 739 813 798 in
827 759 899 799 eum
911 739 1070 802 transferri
1083 755 1196 824 potest,
1214 741 1314 824 quod

227 831 345 900 clarite
361 829 401 890 ad
414 831 584 890 Homerum
598 827 637 888 de
653 825 790 888 Bentleio
804 825 893 902 dixit,
911 825 1069 890 meliorem
1082 849 1144 889 ease
1158 827 1231 910 ejus
1246 828 1315 888 ele·

241 935 367 1004 gentem
388 917 566 991 audaciam,
589 935 685 997 quam
704 914 836 974 aliorum
857 914 905 974 vel
923 913 1064 976 timidam
1081 918 1114 976 in
1130 937 1166 977 so
1184 937 1315 996 genere

243 1011 422 1080 modestiam
438 1006 485 1068 vel
499 1007 659 1068 inscitiam.
1025 1031 1027 1036 ·
1107 1019 1116 1037 ·

281 1101 317 1160 ln
332 1095 418 1160 codd.
432 1093 513 1156 MSS.
527 1107 557 1154 et
570 1093 758 1168 editionum,
769 1109 864 1173 quem
875 1113 967 1175 supra
979 1095 1042 1175 egi,
1055 1113 1181 1154 recensu
1192 1113 1251 1153 me
1262 1094 1312 1152 vi-

241 1192 280 1252 ris
293 1187 421 1248 eruditis
430 1185 534 1266 reique
546 1183 657 1244 critices
666 1182 769 1265 peritis
780 1182 909 1242 minime
919 1182 1105 1256 satisfecisse,
1118 1181 1211 1242 facile
1219 1202 1309 1262 prae·

241 1277 336 1338 video.
349 1273 497 1336 Nondum
509 1272 591 1340 enim
602 1273 768 1354 quisquam
777 1269 932 1331 editorum
945 1269 1005 1331 boc
1014 1269 1072 1331 sibi
1086 1269 1199 1330 laboris
1209 1291 1308 1331 sum·

240 1370 292 1444 sit,
314 1381 349 1426 ut
369 1367 402 1426 in
420 1363 570 1424 librorum
588 1361 636 1422 vel
650 1362 835 1444 scriptonuu
853 1361 900 1421 vel
918 1361 1001 1444 typis
1014 1383 1224 1446 expressorum
1241 1383 1304 1422 nn-

239 1459 410 1520 ctoritatem
426 1453 587 1534 diligenter
600 1451 785 1531 inquireret,
803 1463 853 1526 nt,
871 1465 1014 1511 accurata
1030 1453 1190 1526 omnium,
1211 1465 1307 1512 certe

240 1545 456 1625 antiquarum,
466 1537 638 1602 editionum
648 1537 879 1619 comparatione
887 1538 1042 1614 instituta,
1052 1559 1158 1599 earnm
1169 1539 1305 1599 ordines

239 1647 270 1696 et
283 1631 404 1706 classes,
418 1627 618 1710 cognationes
631 1637 662 1688 et
676 1637 854 1700 stemmata,
870 1626 977 1708 stirpes
990 1638 1021 1685 et
1036 1623 1183 1700 familias,
1199 1629 1302 1709 origi·

240 1741 293 1782 nes
305 1733 335 1782 et
344 1715 527 1800 propagines
536 1710 732 1788 describeret,
745 1713 891 1794 quodque
900 1713 977 1774 odeo
986 1715 1122 1796 pretium
1131 1715 1228 1774 cnivis
1237 1729 1301 1774 sta·
1423 1725 1424 1744 ¹

240 1803 408 1878 tuendum,
429 1799 540 1886 quidve
558 1821 593 1862 ex
610 1821 647 1862 ea
658 1799 706 1862 vel
725 1799 763 1860 ud
779 1801 873 1862 crisin
892 1800 941 1862 ael
955 1800 995 1860 sd
1009 1801 1296 1884 interpretationem

106 1915 110 1922 ·
239 1887 1295 1978 presidiiexspectandumnitetpetendum,dispicerenutitatorsm

239 1997 336 2046 textus
353 1980 457 2041 Siliani
474 1981 643 2054 rationem,
667 1993 771 2040 ortum
787 1999 822 2040 ac
836 1979 1105 2062 propagationem,
1127 1981 1297 2061 omniaque

239 2071 303 2153 ejus
311 2065 376 2128 fata
385 2065 642 2130 nncieitudino
650 2079 860 2147 cognosceret,
871 2080 1025 2146 uuque,ax
1035 2087 1096 2147 quo
1105 2064 1194 2126 fonte
1202 2067 1294 2128 lectio

240 2179 368 2244 queque
384 2167 458 2216 nata
473 2167 504 2215 et
519 2152 626 2230 ducta,
647 2175 807 2236 quousque
822 2175 980 2238 progressa
996 2169 1085 2230 esset,
1107 2157 1297 2238 quandoque

241 2268 366 2312 cursum
380 2258 540 2322 mutasset,
555 2243 725 2325 indagaret.
739 2244 798 2307 Sed
812 2265 909 2328 opera
922 2265 1030 2306 eorum
1046 2247 1079 2306 in
1095 2267 1131 2306 so
1145 2245 1208 2306 fere
1222 2247 1293 2306 snb·

240 2337 329 2411 stitit,
350 2345 386 2395 ut
398 2331 569 2394 editionum
583 2331 690 2396 titulos
706 2328 929 2408 memorarent,
950 2345 1108 2413 totamque
1124 2333 1293 2393 lectionum

241 2423 421 2484 varietatem
434 2433 627 2503 excerperent
637 2444 649 2480 a
659 2419 742 2493 uude
756 2441 826 2484 vere
838 2419 1060 2498 dirittonesti,
1072 2422 1126 2500 qui
1137 2422 1187 2499 (iu
1201 2421 1292 2480 Prnl'.

241 2511 337 2576 Taciti
353 2531 424 2595 pag.
440 2512 522 2592 tur)
542 2507 683 2590 homines
699 2509 883 2592 plerumque
900 2511 1016 2572 nescim
1032 2509 1121 2584 dixit,
1140 2511 1216 2592 quid
1234 2511 1294 2570 sibi

243 2603 353 2677 velint,
368 2619 466 2684 quum
480 2596 648 2680 devolgata
661 2599 722 2664 sive
736 2609 849 2680 recepte
860 2597 983 2660 &ctiam
991 2599 1170 2679 loquantur.
1185 2599 1295 2660 liecen-

244 2695 333 2756 tiores
346 2706 451 2752 mmen
465 2687 529 2748 Silii
544 2683 673 2766 editores
688 2700 754 2764 tpm
771 2685 834 2748 fere
849 2685 1018 2769 intelligere
1035 2687 1180 2748 ridentur
1194 2689 1293 2750 lem'o·

245 2801 298 2843 nes
311 2777 381 2840 edit.
396 2775 548 2850 Juntinae,
567 2796 643 2856 quas
662 2797 716 2858 per,
734 2775 843 2836 omnia
861 2795 947 2858 pene
958 2775 1076 2858 reliqum
1089 2777 1161 2836 Sao
1181 2778 1250 2836 xvi
1263 2793 1295 2837 et

246 2865 330 2928 XVII
348 2863 447 2947 praelis
461 2885 569 2943 excusa
582 2863 691 2946 Siliani
699 2866 844 2926 carminis
859 2865 1045 2948 eremphria
1059 2879 1171 2926 temere
1184 2884 1292 2947 prop..
1416 2859 1417 2864 ’

246 2967 330 3040 getas
341 2953 434 3013 fuisse
445 2966 573 3013 constat.
586 2954 693 3036 Neque
703 2955 795 3022 etiam
804 2951 1000 3016 diffitendum
1011 2965 1056 3013 est
1063 2967 1093 3012 et
1101 2951 1294 3012 dissimulan-

246 3035 627 3114 dum,Dralenborchium
635 3041 797 3123 saepissime
807 3039 1138 3120 textuslectiouumque
1144 3041 1292 3122 originem

247 3141 275 3188 et
297 3126 554 3210 propagationem
571 3127 727 3188 indicasse.
749 3128 814 3207 Ego
828 3128 1034 3202 vernemetis,
1056 3149 1075 3188 a
1088 3127 1294 3210 superioribus

246 3211 412 3276 editoribus
422 3225 541 3290 notata,
557 3233 625 3296 quas
635 3211 673 3274 ad
684 3212 764 3274 hanc
774 3235 839 3276 rem
851 3228 1002 3294 spectant,
1014 3227 1110 3295 quam
1119 3213 1294 3296 lieripotuit

247 3300 461 3366 studiosissime
474 3303 660 3384 conquisivi,
681 3315 711 3361 et
726 3323 763 3362 ex
775 3303 866 3384 copia
884 3317 975 3384 atque
992 3301 1097 3364 mdole
1111 3301 1293 3372 kanonum,

247 3391 286 3452 ab
300 3389 366 3452 aliis
380 3404 605 3474 excerptorum,
619 3389 657 3452 de
672 3390 709 3450 iis
723 3412 846 3473 quoque
859 3392 1060 3466 editionibus,
1075 3389 1238 3472 quosmilri
1251 3391 1294 3448 ri-

247 3481 318 3544 dere
332 3502 395 3542 non
414 3482 555 3564 contigit,
570 3477 724 3563 judicium
741 3481 793 3552 vel
803 3484 867 3563 ipse
882 3481 955 3556 feci,
972 3480 1020 3542 vel
1037 3481 1103 3542 aliis
1117 3479 1293 3540 meram

249 3573 374 3654 reliqui:
391 3591 445 3632 nec
461 3571 552 3656 plura
564 3591 582 3629 a
596 3588 646 3628 me
657 3567 873 3635 desiderabunt
884 3571 964 3652 aequi
976 3569 1088 3632 harum
1104 3591 1207 3632 mum
1214 3569 1293 3652 judi·

247 3683 302 3722 ces.
322 3658 413 3736 Quod
426 3657 463 3718 ad
480 3656 569 3720 codd.
584 3655 667 3718 MSS.
682 3657 812 3734 adtinet,
832 3659 922 3741 pauci
937 3658 1062 3740 quidem
1077 3655 1179 3720 adhuc
1191 3657 1292 3718 collati

248 3759 334 3822 sunt,
354 3743 371 3805 a'
390 3743 545 3806 Drakeub.
564 3745 597 3804 in
617 3743 706 3806 Praei.
726 3760 756 3808 et
772 3767 790 3806 a
809 3769 858 3808 me
876 3748 909 3808 in
923 3748 1002 3810 nolis
1020 3747 1058 3811 ad
1079 3767 1148 3810 eam
1165 3743 1292 3818 laudati,

248 3837 410 3921 pluresque
424 3833 509 3893 haud
525 3833 617 3898 dubie
633 3837 745 3918 passim
759 3837 792 3896 in
809 3836 997 3898 bibliothecis
1012 3837 1123 3912 latent,
1136 3859 1173 3898 ex
1186 3837 1292 3918 quilius

249 3947 364 3988 novam
377 3923 532 3984 variarum
546 3923 714 3986 lectionum
728 3925 916 4007 farraginem
931 3929 1052 4010 congeri
1060 3947 1164 4010 posse,
1176 3945 1239 3986 non
1253 3939 1293 3986 nt

248 4011 328 4094 quod
344 4008 528 4068 dubitemus.
542 4011 597 4072 Sed
611 4013 745 4072 multum
757 4014 829 4076 inde
840 4015 879 4074 ad
892 4029 1013 4096 poetam
1026 4027 1165 4075 nostmm
1179 4011 1291 4074 fmctu

248 4097 417 4158 rediturum
433 4113 493 4155 esse
507 4097 555 4158 vix
569 4098 758 4160 crediderim.
830 4147 834 4156 .
