2930 4644
355 381 418 445 DE
440 379 557 447 Slbll
581 377 697 439 vtTn
720 375 782 440 ET
805 376 1036 442 CARMINE.
1160 377 1221 460 151

178 533 208 580 et
219 521 281 582 sive
294 521 499 604 conjecturas,
513 519 714 580 correctiones
725 529 755 577 et
768 517 980 600 explicationes
992 517 1122 578 aliorum
1135 518 1223 578 novis

178 611 368 690 argumentis
385 608 584 692 pluriumque
599 607 750 667 librorum
761 608 963 681 auctoritate,
983 609 1044 668 sive
1063 608 1223 681 lectiones,

178 696 217 754 ab
233 697 268 756 iis
284 696 397 757 frustra
414 695 588 756 sollicitatas
602 709 632 755 et
647 707 759 754 temere
774 691 897 774 rejectas
911 694 1033 754 meliore
1046 697 1223 776 interpreta-

179 784 264 844 tione
275 785 429 846 stabilivit.
441 784 498 845 Sed
508 784 608 844 multo
621 783 710 865 plura
723 783 786 864 ipse
797 783 845 844 vel
856 783 929 843 eitra
943 785 1163 856 necessitatem,
1176 782 1224 841 vel

178 891 341 955 perperam
354 890 384 934 et
399 875 496 933 invita
512 873 650 933 Minerva
668 873 855 947 immutavit,
877 871 1046 953 saepiusque
1062 891 1110 945 ea,
1124 891 1192 950 quae
1207 891 1225 930 a

180 963 245 1024 solo
261 965 384 1045 ingenio
400 965 634 1048 profectusum,
656 984 695 1023 ne
710 962 869 1024 admonito
884 963 1011 1044 quidem
1022 963 1148 1034 lectore,
1171 981 1226 1020 nec

180 1053 393 1116 addicentibus
405 1055 489 1115 libris
501 1056 534 1115 in
545 1067 722 1115 contextum
735 1055 868 1135 recipere
882 1051 969 1113 nulla
980 1053 1039 1135 ipsi
1052 1051 1159 1132 religio
1172 1063 1225 1110 est.

177 1142 240 1202 Nec
252 1145 381 1219 mirum3
394 1166 468 1205 nam
479 1146 543 1227 ipse
552 1145 701 1227 praecipit3
715 1145 776 1226 Que
786 1142 825 1203 les
835 1141 943 1202 bonnes
953 1141 1045 1223 lepores
1054 1144 1147 1201 soient
1154 1139 1228 1198 dans

180 1227 207 1290 le
228 1244 313 1306 texte,
333 1255 371 1292 ou
390 1239 537 1314 merqudes
554 1237 745 1315 separement,
770 1229 793 1291 il
810 1231 970 1312 n'importe.
993 1231 1227 1310 Nonnunquam

180 1317 271 1395 adeo,
292 1322 380 1400 quasi
396 1322 475 1382 inter
490 1322 649 1396 lectiones,
669 1341 738 1402 quae
758 1317 814 1403 ipsi
828 1321 861 1380 in
875 1333 1010 1382 mentem
1024 1318 1177 1390 venerint,
1199 1330 1229 1375 et

179 1427 248 1485 quae
258 1409 400 1469 codicum
411 1411 591 1470 auctoritate
599 1409 777 1484 firmentur,
794 1407 871 1468 nihil
881 1407 1012 1482 intersit,
1027 1406 1066 1464 ad
1075 1405 1227 1465 librorum

178 1494 260 1556 MSS.
277 1495 371 1558 fidem
388 1513 551 1580 provocat,
569 1499 646 1558 dnm
663 1500 778 1580 ingenii
798 1499 844 1558 sui
862 1497 941 1557 fetus
960 1497 1050 1556 nobis
1069 1493 1228 1577 propinat;

179 1601 208 1640 v.
219 1604 244 1642 c.
255 1582 309 1643 lib.
320 1585 377 1660 Vl,
391 1587 464 1668 609,
476 1587 532 1647 ubi
542 1587 628 1648 nulla
638 1587 775 1646 lectionis
785 1589 915 1646 varietas
924 1587 956 1645 in
967 1585 1066 1658 libris,
1078 1594 1229 1664 quotquot

179 1666 281 1730 adhuc
295 1672 516 1749 innotuerunt,
531 1673 783 1754 deprehenditur,
800 1673 867 1735 haec
881 1674 1019 1734 notavit:
1039 1697 1053 1727 1
1062 1672 1157 1731 Sensu
1172 1669 1229 1728 loci

182 1781 196 1812 ιι
206 1759 250 1818 nil
264 1760 390 1838 clarius,
409 1762 548 1847 nihilque
564 1765 667 1824 minus
682 1779 872 1848 perspectum
890 1753 1227 1825 omnibus'editoribus.

147 1855 148 1858 ’
180 1872 194 1900 ιι
205 1849 345 1910 AEternus
356 1851 473 1928 forem,
487 1856 511 1915 si
525 1877 634 1916 eorum
651 1875 748 1936 nugas
764 1853 813 1915 bic
826 1854 1017 1914 ventilarem.
1033 1853 1094 1911 Pro
1110 1848 1228 1910 tandem

180 1960 194 1990 ιι
204 1935 277 2018 legit
294 1939 452 2001 Drakenb.
470 1956 595 2004 mentem
612 1961 721 2003 contra
737 1941 830 2004 fldem
848 1944 1043 2026 scriptorum.
1064 1941 1136 1999 Non
1153 1937 1228 1997 dixit

180 2049 193 2077 ιι
205 2038 294 2103 poeta
306 2026 357 2087 dat
367 2044 505 2107 mentem,
519 2030 570 2091 sed
582 2030 634 2091 dut
641 2029 793 2113 deponere,
808 2045 842 2092 nt
851 2027 902 2092 dot
911 2029 1031 2106 habere,
1044 2050 1083 2090 ne
1096 2028 1155 2088 alia
1165 2047 1227 2086 sex·

178 2136 193 2167 ιι
202 2127 290 2173 centa
301 2115 455 2178 adferam:
469 2119 660 2180 hebraismus
669 2134 721 2181 est.
733 2147 747 2177 n
760 2123 804 2182 111.
817 2144 844 2181 v.
856 2143 916 2203 seq.
930 2146 944 2176 1
953 2134 1075 2204 pentem.
1089 2118 1227 2178 Absurde

178 2224 196 2255 ιι.
202 2200 296 2262 Drak.
310 2205 436 2265 tandem.
447 2231 462 2262 s
476 2207 649 2286 (Drakenb.
663 2212 791 2269 servavit
805 2210 966 2271 lectionem
978 2209 1121 2268 omnium
1133 2205 1226 2264 libro·

175 2310 260 2362 111111,
274 2303 305 2350 et
319 2293 350 2352 in
366 2297 448 2356 notis
460 2297 601 2357 eamdem
614 2297 677 2358 fere
690 2297 889 2374 medicinam,
902 2298 953 2358 sed
966 2295 1087 2370 timide,
1100 2295 1166 2354 loco
1178 2293 1228 2352 ad·
1261 2331 1263 2338 ι

175 2379 277 2458 tulit.)
293 2384 387 2443 uNon
401 2384 483 2444 male
495 2385 557 2446 fnit
571 2385 700 2446 affectus
714 2386 764 2446 bic
778 2387 879 2462 locus,
895 2387 954 2446 nisi
968 2385 1007 2444 ab
1022 2385 1093 2466 ipsis
1107 2382 1227 2442 editori-

181 2492 194 2520 ιι
204 2468 277 2541 bus3
291 2471 413 2550 legendi
425 2487 513 2534 erant
524 2475 638 2557 scripti.
650 2500 664 2529 n
681 2477 805 2552 Quanta
820 2489 924 2537 autem
939 2473 1146 2544 humanitate,
1160 2491 1227 2529 mo-

178 2554 272 2614 destia
287 2570 316 2615 et
329 2560 506 2621 urbanitate
517 2560 855 2644 (honnetctdfranpeise)
868 2563 915 2622 vir
929 2561 1051 2635 doctus,
1068 2559 1121 2639 qui
1135 2577 1227 2618 omne

178 2643 341 2705 Gallomm
352 2653 476 2718 lenitaue
486 2650 674 2711 exsorbuisse
684 2652 742 2710 sibi
751 2652 887 2725 videtur,
901 2651 949 2722 vel
959 2672 1029 2710 suas
1038 2648 1227 2727 conjecturas

180 2733 328 2810 venditet,
338 2737 387 2797 vel
397 2738 528 2800 aliorum
538 2755 665 2801 conatus
676 2739 805 2817 refellat,
815 2763 849 2801 ex
860 2741 996 2822 qualibet
1005 2739 1069 2798 fere
1077 2739 1227 2796 Natarum

178 2823 292 2904 pagina
306 2827 493 2910 intelligitur.
513 2828 651 2891 Sufficiat
665 2828 728 2890 haec
742 2831 805 2914 ejus
821 2831 911 2890 verba
926 2827 1080 2890 laudasse:
1093 2827 1137 2900 11,
1153 2821 1227 2899 3115,

179 2910 407 2976 Absurdissimus
417 2930 458 2976 est
467 2917 558 2979 Dmlr.
571 2919 615 2995 11,
629 2919 704 3003 1167,
716 2918 847 2981 Absurde
858 2919 941 2978 venis
954 2921 986 2978 in
994 2914 1085 2977 Dralr.
1099 2911 1226 2990 11,’6111,

177 3005 325 3084 Ineptiunt
334 3001 524 3086 biclleymii,
534 3005 859 3091 quivolnntpaventem
868 3019 1102 3091 antpaventum.
1112 2999 1226 3079 11,1ιο,

178 3092 274 3152 Miror
292 3095 424 3152 omniumr
443 3095 583 3156 editorum
601 3100 794 3180 oscitantiam.
816 3096 939 3158 Putidus
957 3109 998 3158 est
1015 3094 1062 3154 hic
1080 3113 1158 3153 more
1175 3113 1226 3152 suo

178 3177 326 3240 Barthins.
337 3181 394 3256 Vl,
412 3185 480 3259 ilio,
494 3186 603 3266 ineptit
614 3187 653 3244 ll.
668 3183 791 3265 quivult
803 3186 929 3244 saniem.
945 3185 1038 3264 Prope
1049 3183 1166 3240 assentit
1179 3182 1226 3239 in·

178 3279 279 3328 cauno
289 3267 381 3330 Dralr.
393 3273 518 3333 innotis.
530 3274 585 3348 vt,
599 3274 671 3355 276,
685 3270 792 3333 Nullus
801 3269 847 3333 hic
855 3271 946 3333 nmt.
958 3273 1006 3332 cui
1015 3273 1140 3353 pessima
1148 3291 1226 3352 qnae·

176 3377 231 3437 qne
240 3356 421 3436 placuerunt.
434 3361 491 3436 vl,
505 3361 578 3436 360,Ι
594 3361 721 3422 Absurde
732 3365 769 3421 H.
783 3362 897 3422 durum
911 3361 948 3421 ad
960 3374 1100 3442 tempum
1113 3379 1205 3440 opem
1218 3383 1223 3417 :

179 3467 237 3504 non
249 3444 398 3507 intellexit.
411 3448 468 3522 vt,
481 3447 555 3525 1113,
570 3449 702 3510 Absurde
715 3453 860 3532 Heynsius
871 3453 977 3511 arceri.
989 3453 1101 3510 Focum
1113 3447 1167 3507 sibi
1173 3447 1225 3528 fa-

179 3537 217 3595 cit
226 3535 318 3596 Dralr.
331 3538 388 3614 vt,
400 3535 475 3619 6119,
487 3537 718 3601 Absurdissimus
726 3554 768 3601 est
775 3541 822 3601 liic
832 3539 921 3600 Dralr.
936 3544 967 3600 in
979 3553 1071 3612 textu,
1084 3536 1134 3597 ubi
1144 3536 1226 3596 dives

180 3621 289 3697 scribit3
298 3623 402 3686 delirat
409 3649 497 3709 prope
507 3630 539 3687 in
549 3632 630 3688 raetis.
639 3631 691 3704 Vt,
699 3631 769 3709 689,
779 3631 860 3688 Mira
868 3642 908 3690 est
917 3627 964 3690 hic
972 3627 1123 3689 oscitantia
1133 3622 1224 3685 Dralr.

179 3723 207 3771 et
216 3709 350 3772 oliorum.
362 3714 435 3790 Vll,
454 3717 521 3792 153,
536 3716 765 3779 Absurdissimns
776 3731 818 3778 est
827 3717 873 3778 hic
885 3717 977 3778 Drak.
989 3719 1039 3799 qni
1048 3714 1110 3777 vult
1118 3715 1227 3776 discus·

164 3800 231 3892 ¹sit,
250 3798 295 3858 vel
310 3801 460 3866 dillinxit:
478 3826 534 3866 vox
550 3804 684 3868 diffinxit
706 3804 829 3866 borbum
843 3820 892 3867 est.
913 3808 986 3881 Vll,
1008 3804 1073 3881 1811.
1095 3805 1229 3866 Delirnnt

180 3909 267 3970 prope
279 3886 326 3949 hic
336 3893 481 3971 Heynsius
492 3907 520 3954 et
530 3893 622 3954 Dralr.
634 3895 706 3956 dum
720 3893 878 3980 obtrudunt
888 3894 1045 3978 decerpsit.
1065 3895 1137 3966 Vll,
1153 3895 1226 3965 181,

182 3978 254 4050 183,
268 3979 426 4042 Dormiunt
438 3983 475 4040 H.
488 3995 515 4042 et
525 3985 563 4043 D.
576 3984 649 4058 Vll,
663 3985 737 4058 381,
749 3985 885 4066 Funpum
896 3983 957 4044 vult
967 3987 1006 4044 11.
1018 3986 1069 4066 qni
1083 3983 1169 4065 offert
1179 4001 1225 4038 ce·

179 4065 337 4126 lebranda.
351 4068 507 4146 1111,11’11,
520 4074 617 4153 lnepte
629 4075 668 4134 H.
681 4073 843 4154 despectat.
860 4075 931 4134 Non
942 4076 1037 4154 capit5
1047 4073 1153 4155 finum
1171 4063 1226 4123 sibi

168 4157 247 4240 firi-it
257 4151 348 4214 Drel.
361 4158 411 4236 qai
424 4153 502 4217 lianc
511 4159 741 4222 emendationem
751 4159 862 4242 probat.
878 4162 950 4239 Vll,
962 4160 1036 4236 1135,
1049 4153 1226 4234 ineptissime
