2956 4670
263 381 306 446 68
584 383 620 447 C.
644 381 771 449 SlLll
795 385 988 454 ITALICI

258 520 435 585 Mirantem
448 519 609 610 Superum
622 523 733 590 vultus
745 543 778 592 et
790 525 941 593 flammea
955 527 1117 602 membra.

258 625 439 707 Abstrahit,
452 647 490 691 ac
501 647 617 713 pacem
629 631 724 695 terris
736 631 885 722 caeloque
896 635 1038 721 reponit.

301 735 501 822 Respectans
513 731 596 812 abit,
609 752 642 800 et
654 737 766 802 castris
778 738 890 802 avulsa
902 741 1029 804 moveri

253 837 351 926 Signa
358 837 456 929 jubet
467 837 906 932 ductor‚remeaturumque
919 843 1073 909 minatur.
1258 859 1320 922 730

253 943 416 1011 Redditur
429 945 595 1035 extemplo
608 947 798 1035 flagrantior
810 948 933 1015 aethere
946 950 1085 1039 lampas,

251 1053 292 1116 Et
304 1053 443 1117 tremula
455 1053 565 1117 infuso
579 1051 794 1140 resplendent
806 1054 926 1118 caerula
939 1055 1076 1122 Phoebo.

249 1164 291 1227 At
301 1161 418 1250 procul
431 1185 449 1226 e
462 1163 565 1227 muris
576 1159 690 1224 videre
703 1179 740 1226 ut
754 1163 845 1250 signa
858 1163 973 1230 revelli

247 1266 414 1348 AEneadae,
428 1287 628 1355 versumque
641 1265 776 1346 ducem;
791 1269 888 1332 tacita
900 1291 957 1334 ora
968 1271 1112 1337 vicissim

245 1375 433 1451 Ostentant,
446 1387 598 1461 nutuque
611 1369 748 1451 docent,
762 1372 852 1463 quod
864 1373 1001 1441 credere
1013 1399 1134 1466 magno
1250 1389 1304 1454 735

243 1483 317 1546 Non
330 1479 455 1546 audent
467 1480 614 1545 haerent'e
627 1497 733 1560 metu;
748 1505 810 1547 nec
821 1482 912 1548 abire
925 1485 1082 1563 volentis,

241 1585 307 1652 Sed
320 1583 471 1651 fraudem
484 1584 687 1676 insidiasque
700 1601 832 1672 putant,
846 1604 880 1654 et
893 1589 1016 1656 Punica
1027 1587 1147 1656 corda:

241 1699 288 1760 Ac
300 1693 406 1758 tacitae
419 1692 503 1756 natis
516 1691 658 1779 infigunt
670 1693 782 1758 oscula
795 1712 931 1776 matres,

241 1804 356 1865 Donec
369 1797 553 1888 procedens
567 1797 671 1864 oeulis
684 1823 755 1866 sese
768 1801 904 1868 abstulit
915 1825 1050 1891 agmen,

238 1909 482 1995 Suspectosque
494 1905 589 1970 dolos
602 1904 855 1980 demto'terrore
867 1909 1013 1975 resolvit.
1241 1925 1288 1988 74⁰

283 2011 372 2076 Tum
384 2031 464 2074 vero
475 2009 598 2098 passim
611 2033 700 2077 sacra
713 2013 748 2078 in
761 2014 920 2103 Capitolia
933 2031 1090 2104 pergunt,

267 2178 320 2242 736.
335 2177 429 2225 uolentis
440 2177 491 2228 Col.
505 2190 529 2226 et
539 2181 609 2226 Marsi
624 2179 676 2228 edd.
689 2179 801 2228 solensem
813 2184 865 2230 Pur.
878 2180 954 2243 Vulgo
969 2181 1075 2229 uolentes.
1086 2209 1118 2220 -
1130 2181 1183 2247 738.
1200 2187 1285 2240 Iact'ioe,

235 2267 283 2298 non
299 2255 377 2306 tacite,
395 2253 420 2296 ll.
443 2265 467 2308 t,
481 2251 512 2298 sd
527 2267 598 2314 marg.
616 2255 693 2300 Porro.
711 2252 762 2300 nid.
779 2255 861 2312 Marti,
875 2255 939 2300 lunt.
954 2265 977 2301 et
988 2253 1076 2318 Grppb.
1154 2327 1161 2340 ὓ

270 2394 461 2472 727.flammea
472 2397 585 2449 mernbra
596 2394 630 2448 nd
641 2397 734 2448 oculos
782 2415 804 2446 v.
818 2397 883 2468 594,
895 2411 921 2451 et
934 2397 970 2450 ad
981 2399 1053 2463 VIII,
1070 2399 1127 2452 ros.
1140 2429 1175 2440 —-
1191 2399 1284 2454 avulsa

233 2475 516 2547 inprimisreferenda,
527 2477 573 2548 qui
584 2475 698 2528 llammei
709 2487 736 2530 et
779 2475 875 2550 Sipus,
886 2487 916 2529 ut
927 2496 995 2530 vers.
1008 2476 1072 2548 733,
1086 2477 1176 2530 nuelli
1186 2479 1283 2552 Siqna,

231 2557 395 2612 flammantes
416 2557 469 2610 diei
488 2561 575 2630 poetis
598 2557 685 2610 solent
703 2559 732 2610 in
779 2569 844 2608 nuto
862 2576 950 2623 more,
967 2576 1029 2609 cum
1046 2571 1131 2610 castra
1144 2577 1283 2612 moreren-

231 2640 303 2691 iratis
321 2651 348 2691 et
365 2639 450 2690 atroci
468 2637 543 2690 vultu
562 2639 731 2709 conspicuis3
778 2648 830 2687 tur.
842 2666 877 2676 -
890 2639 938 2708 731
957 2655 1013 2710 seq.
1023 2636 1086 2688 Caeli
1097 2639 1225 2690 serenitas
1236 2657 1281 2690 ex-

228 2719 291 2771 Ern.
304 2717 356 2772 Sed
369 2736 401 2770 eo
416 2720 506 2790 potius
520 2717 731 2795 pultusflommei
779 2714 878 2788 templo
900 2718 986 2769 oritur
1004 2715 1046 2768 vel
1069 2715 1137 2767 redit
1160 2715 1281 2769 discussa

228 2811 367 2873 spectant,
384 2812 526 2870 utrumque
540 2815 604 2850 vero
618 2801 730 2852 maxime
777 2807 942 2868 tempestate.
956 2796 1035 2848 Conf.
1049 2811 1107 2866 sup.
1122 2815 1147 2846 v.
1163 2797 1214 2866 637
1228 2813 1280 2866 sq,

227 2878 262 2932 ad
276 2880 407 2952 insignem
421 2874 592 2948 splendorem
606 2875 731 2928 multam·
776 2875 829 2943 664
841 2895 880 2947 sq.
893 2906 928 2916 -
939 2873 999 2943 73²·
1013 2873 1054 2924 ct.
1070 2875 1107 2936 lI,
1119 2873 1171 2927 663
1184 2892 1241 2944 sq.,
1252 2887 1280 2926 at

228 2977 279 3031 qne
292 2957 393 3020 lucem,
406 2957 434 3008 in
447 2972 501 3026 qua
510 2953 567 3020 Dii,
578 2970 645 3023 qnos
657 2955 728 3006 Iuno
775 2953 813 3005 ibi
825 2967 881 3004 not.
894 2984 930 2994 -
941 2953 1051 3014 coemla,
1066 2965 1095 3001 ut
1107 2953 1131 3010 1,
1142 2968 1182 3002 21.
1192 2951 1277 3000 -in-

141 3040 144 3046 ’
226 3031 729 3102 llannibalividendosprrebuerat,ho·
768 3031 955 3102 susol’lroebo,·
972 3029 1044 3080 coni.
1056 3029 1178 3084 ¹Gronov.
1196 3024 1277 3078 Obss.

225 3120 341 3174 minibus
358 3137 373 3171 a
390 3135 418 3170 se
434 3114 529 3168 amatis
547 3110 727 3184 heroibusque
773 3113 811 3176 ll,
824 3129 848 3181 7.

227 3203 309 3270 (nam
323 3197 368 3249 alii
381 3192 506 3246 mortales
518 3207 552 3241 ne
569 3188 728 3260 adspectum
810 3190 870 3260 733.
887 3191 958 3241 Bene
978 3187 1101 3240 Ernesti:
1126 3187 1275 3260 «Egregius

225 3277 334 3350 quidem
346 3291 437 3327 eorum
449 3272 518 3322 ferre
529 3269 659 3340 possunt)
673 3287 728 3322 ma·
771 3267 848 3320 locus
874 3283 999 3338 expressa
1026 3267 1137 3318 veritate
1163 3281 1272 3324 nature.

223 3358 314 3412 nifasti
330 3365 533 3420 nonnumquam
549 3348 576 3398 in
596 3363 727 3420 conspec-
772 3345 885 3404 Romani
896 3342 1073 3398 Hannibalern
1084 3343 1226 3401 abeuntem
1238 3350 1274 3403 si·

225 3452 281 3490 tum
292 3431 411 3484 veniunt.
425 3427 465 3480 CI.
477 3426 566 3499 ileyne
578 3426 639 3478 Exc.
651 3428 725 3495 XIII,
771 3425 910 3480 dentlam
919 3429 1059 3498 respirant,
1067 3427 1273 3501 idqneprimum

224 3515 260 3568 ad
271 3509 364 3580 vtrfftl.
378 3507 435 3559 AEn.
449 3509 475 3576 1,
486 3507 537 3576 Ion
549 3525 608 3580 sqq.
619 3537 655 3547 -
665 3505 724 3579 728.
769 3505 846 3558 vultu
859 3518 885 3558 et
897 3523 943 3557 ore
953 3507 1027 3558 taciti
1036 3505 1193 3580 significant.
1202 3509 1272 3563 Nam

223 3587 368 3653 Abstralrit,
385 3588 512 3654 invitum,
529 3599 633 3640 etcum
649 3589 690 3652 vi,
709 3605 726 3638 n
770 3595 853 3638 metus
872 3584 949 3638 loeret
968 3583 1057 3638 adhuc
1073 3587 1100 3640 in
1113 3591 1224 3657 animis,
1244 3602 1272 3643 et

221 3671 320 3734 lionis,
342 3666 383 3719 sel
402 3669 459 3738 ejus
478 3667 680 3739 obpugnatione
697 3677 723 3718 et
769 3662 871 3716 fraudis
891 3667 1069 3736 suspicionem
1089 3669 1144 3721 alit.
1166 3667 1269 3722 Sensim

221 3745 318 3802 sudaei
334 3761 448 3816 conatu,
467 3748 570 3802 avertit.
589 3743 632 3796 Sic
651 3743 722 3799 avel-
767 3743 871 3797 tollitur
890 3747 984 3814 timor,
1005 3746 1110 3801 sublato
1133 3767 1164 3801 ex
1183 3749 1268 3801 oculis

220 3827 273 3881 lere
285 3827 394 3882 Poenum
405 3849 442 3882 sc.
454 3830 566 3880 invitum
583 3843 614 3877 ac
627 3823 722 3878 nolen·
766 3821 853 3876 hoste.
867 3825 935 3877 Tum
947 3824 1052 3880 demum
1066 3825 1210 3878 letabundi
1223 3844 1268 3879 aa·

221 3923 287 3976 tem,
306 3909 354 3961 inf.
371 3911 446 3972 XVI,
458 3907 519 3976 637.
536 3903 614 3956 ConI.
625 3902 661 3955 ad
672 3905 720 3974 111,
766 3905 819 3957 cris
843 3904 976 3958 faciundis
997 3919 1127 3958 vacant·
1147 3935 1184 3944 -
1205 3907 1266 3977 737.

219 3989 267 4062 ⁵9¹
283 3989 310 4040 in
325 3989 387 4039 Var.
400 3989 471 4040 Lect.
482 4013 518 4023 —
526 3984 646 4057 reponit,
659 3983 721 4040 red·
765 3985 868 4038 Punica
878 3987 1001 4047 eordan.
1014 3983 1049 4038 ad
1061 3986 1087 4051 l,
1097 3981 1127 4051 5,
1139 3998 1166 4036 et
1177 3987 1213 4053 ll,
1222 3985 1266 4039 56.

218 4069 272 4136 dit,
285 4068 407 4120 restitnit.
419 4065 461 4117 ct.
476 4062 510 4116 ad
523 4066 555 4131 V,
567 4063 628 4118 535.
801 4065 862 4136 738.
881 4067 981 4126 Versus
1001 4062 1045 4115 hic
1063 4062 1133 4116 bene
1152 4066 1269 4136 opponi·

254 4164 306 4228 7²9
318 4165 373 4218 seq.
391 4148 555 4220 Respeetnnrs
570 4164 595 4200 v.
611 4163 670 4220 sup.
684 4143 719 4200 nd
765 4156 809 4200 tur
820 4147 893 4220 Virg-
906 4141 946 4198 illi
955 4143 1014 4198 AEn.
1027 4143 1088 4210 vn,
1101 4142 1160 4199 518.
1174 4143 1221 4196 En.
