2956 4670
416 451 417 454 ,
453 381 765 447 PUNICOIIUM
788 380 880 444 LIB.
904 379 991 444 Xll.
1208 387 1244 450 13

206 525 314 612 Agger
324 522 433 589 adhuc
444 547 627 614 murusque·
637 524 747 588 teneti
759 521 1024 614 Gracchumque,
1037 525 1163 588 moveri

206 631 282 694 Non
293 654 408 696 ausum
421 632 539 719 portis,
552 652 654 719 passo
667 631 700 693 in
714 627 902 693 discrimine
915 628 1035 692 cerno?

207 738 257 800 An
270 736 363 802 vobis
375 754 503 825 gentes,
517 757 737 826 quacumque
749 731 862 798 labore
875 733 1026 820 paresne,

207 844 292 906 Casu
305 859 395 931 gesta
406 844 544 931 putent?
555 845 619 906 Per
630 864 688 905 vos
700 839 872 929 Tyrrhena
885 839 1053 902 faventum
1124 868 1127 876 ¹

151 1000 152 1003 .
207 949 325 1037 Stagna
339 951 460 1029 Deum,
473 971 534 1037 per
545 970 609 1036 ego
621 963 654 1011 et
665 945 837 1024 Trebiam,
851 945 1044 1033 cineresque
1056 945 1191 1034 Sagunti
1220 961 1250 1008 80

207 1053 377 1132 obtestor,
391 1053 508 1144 dignos
516 1054 585 1144 jam
596 1069 725 1119 vosmet
738 1049 866 1116 reddite
879 1066 1001 1129 vestra,
1027 1095 1029 1102 -

130 1171 134 1186 ³
207 1163 313 1244 Quam
326 1160 468 1242 trahitis,
482 1162 582 1242 fonsa,
597 1177 630 1225 et
642 1176 795 1224 revocate
808 1157 842 1220 in
855 1171 990 1244 pectora
1001 1155 1137 1221 Cannas.
1151 1187 1163 1215 ιι

252 1265 304 1332 Sic
317 1265 435 1330 ductor
447 1266 548 1330 fessas
560 1266 639 1330 luxu
651 1261 855 1351 adtritasque
869 1257 1023 1325 secundis

209 1375 359 1464 Erigere,
373 1393 406 1440 et
418 1373 528 1440 verbis
540 1373 691 1438 tentabat
703 1373 817 1437 sistere
830 1387 968 1435 mentes.

209 1551 265 1598 heu!
276 1552 325 1598 Col.
336 1551 410 1612 Vulgo
425 1560 485 1598 tenet
496 1551 553 1596 heu!
565 1551 629 1613 quod
640 1551 755 1596 revocavit
766 1549 848 1596 Leleh.
859 1563 885 1595 ιιι
893 1563 936 1610 per
946 1547 1064 1612 emphasin
1075 1548 1171 1594 iteretur
1186 1559 1255 1608 terat,

209 1636 233 1670 et
243 1639 373 1686 pronomen
383 1637 449 1668 more
460 1619 505 1666 Silii
517 1621 627 1666 omissum
639 1621 674 1665 sit.
686 1647 718 1656 -
729 1620 766 1682 76.
780 1619 941 1684 Gracchusque
953 1619 1023 1664 Paris.
1036 1621 1114 1666 nescio
1124 1636 1187 1682 qum,
1199 1634 1256 1669 teste

209 1697 297 1758 Dausq.
307 1721 338 1732 -
346 1711 383 1758 77.
394 1695 446 1739 Vox
457 1696 510 1740 Non
521 1706 614 1754 semper
624 1706 662 1736 me
673 1691 792 1746 oblendit3
804 1707 857 1737 nam
870 1690 989 1740 Gracchus
1000 1692 1121 1752 eruptione
1133 1707 1160 1737 ex
1172 1694 1258 1755 oppIdo

210 1763 279 1810 slmul
292 1765 381 1812 duabus
392 1764 465 1826 portis
475 1762 549 1817 lacta,
560 1762 669 1807 stationes
681 1760 783 1807 hostium
794 1761 854 1808 ludit
867 1762 999 1823 fugavitque
1015 1763 1036 1806 in
1049 1773 1135 1816 castra,
1153 1763 1198 1808 vid.
1211 1767 1259 1812 Lis.

209 1837 295 1894 XXIII,
307 1837 351 1899 Ι87.
369 1837 395 1882 Id
411 1851 469 1880 seru
486 1849 574 1880 novum
588 1844 622 1878 est
638 1845 814 1892 argumentum,
830 1848 878 1895 quo
889 1831 1002 1878 Hannibal
1017 1834 1089 1878 utitur
1105 1834 1133 1878 ad
1148 1836 1261 1896 ignaviam

208 1905 307 1954 militum
318 1905 495 1969 increpandam
508 1903 570 1951 conf.
583 1917 632 1949 not.
644 1905 711 1950 Nunc
723 1903 806 1960 video,
823 1904 927 1950 eamdem
939 1902 1097 1950 difficultatem
1109 1907 1206 1952 senusse
1217 1909 1260 1952 Le·

208 1976 257 2023 feb.
268 1981 309 2040 qui
316 1979 421 2040 reposuit
431 1979 506 2022 Nunc.
517 1977 569 2021 Nou
578 1973 637 2022 mele
644 2009 650 2030 ,
657 1976 702 2021 nisi
710 1976 842 2038 praestiterit
852 1975 902 2030 En,
912 1973 977 2036 quod
986 1989 1101 2018 sarcasmo
1111 1973 1259 2038 adsectuique

208 2049 260 2095 irati
271 2051 300 2094 II.
314 2052 401 2112 aptius,
414 2059 438 2094 et
449 2047 503 2094 Silio
514 2048 537 2091 tn
549 2045 636 2093 dehciis
647 2059 690 2092 est.
701 2071 732 2082 -
743 2045 781 2108 78.
793 2047 817 2090 A
827 2045 889 2092 vohis
899 2045 1001 2107 quidam.
1012 2070 1041 2078 -
1053 2060 1089 2106 79.
1104 2046 1162 2091 Cosa
1174 2057 1200 2092 ut
1208 2065 1262 2110 ges-

133 2113 136 2120 '
210 2125 233 2162 to
243 2128 324 2180 puteat
334 2117 434 2164 malebat
444 2119 474 2162 N.
486 2118 565 2162 Heius.
580 2119 627 2162 Vos
637 2131 680 2180 per
692 2116 822 2175 Tyrrheno,
835 2129 879 2161 etc.
893 2117 981 2178 primus
993 2114 1063 2160 edidit
1074 2115 1188 2162 Nicander
1199 2117 1261 2181 apud

209 2191 311 2238 Juutant.
322 2191 368 2236 Sed
377 2189 423 2235 vid.
434 2187 464 2234 ad
475 2190 499 2244 I,
511 2187 565 2234 65³.
578 2213 609 2223 -
621 2187 658 2234 8ι.
669 2198 749 2234 vestroe
760 2188 810 2234 Col.
826 2186 888 2232 unde
902 2189 979 2251 diquos
991 2187 1147 2249 vmuoefamae
1158 2189 1261 2236 scriben-

210 2258 266 2304 dum
276 2261 372 2322 putabet
382 2262 411 2306 N.
422 2260 500 2304 lleins.
511 2257 580 2304 ConI.
591 2269 641 2304 uot.
653 2257 683 2304 sti
691 2259 758 2314 VIII,
773 2257 825 2305 383.
836 2257 893 2304 Mihi
903 2259 979 2319 potius
988 2273 1055 2319 prou.
1067 2267 1141 2304 uestra
1150 2259 1260 2320 languere

210 2330 314 2386 uidetur,
325 2332 434 2393 qnoniam
442 2331 548 2391 jungitur
558 2327 634 2374 verbis
645 2345 715 2393 quom
727 2327 827 2384 trahitis,
837 2341 860 2375 et
869 2337 954 2374 uosmet
962 2327 1032 2374 modo
1043 2332 1165 2390 praecessit.
1177 2332 1259 2392 h'eque

211 2401 279 2446 etiam
290 2399 357 2446 Iscile
370 2399 477 2463 expedias
489 2397 613 2446 formulam
624 2398 735 2464 loquendi
739 2401 831 2464 farsum
844 2398 944 2454 trahere,¹
956 2411 1036 2446 utrum
1046 2401 1075 2445 sit
1086 2399 1219 2462 possidere,
1231 2417 1261 2448 an

211 2484 290 2516 secum
302 2473 368 2532 quasi
381 2471 481 2525 ducere,
493 2484 536 2526 an,
553 2484 600 2532 quo
617 2485 687 2518 seusu
698 2473 753 2516 Ern.
766 2470 870 2532 adeepit,
882 2467 929 2515 huc
940 2485 1015 2531 usque
1029 2485 1182 2531 comparasse.
1200 2471 1260 2518 Nihil

212 2539 297 2586 horum
308 2540 427 2594 satisfacit,
440 2552 463 2585 et
474 2537 611 2585 creditlesim
621 2543 699 2602 potius
710 2539 836 2602 legendum
848 2555 910 2596 csse,
923 2541 1058 2605 dignosjum
1069 2553 1153 2589 vosmet
1164 2544 1262 2600 reddite,
1284 2544 1287 2550 '

212 2613 281 2671 gestis
293 2608 330 2670 (h.
342 2626 364 2654 e.
375 2625 403 2654 es
413 2609 448 2654 vel
460 2608 554 2653 archus
565 2610 650 2670 gestis)
663 2611 737 2668 Quam
750 2609 849 2665 trahitis,
855 2611 931 2673 semu.
944 2612 979 2656 Sic
986 2609 1077 2671 famam
1091 2611 1178 2658 trahere
1188 2630 1202 2657 a
1212 2629 1262 2658 ceu·

213 2691 241 2722 su
251 2677 305 2724 dixit
316 2677 423 2723 Juvenal.
435 2679 479 2732 ΙΙΙ,
494 2677 536 2730 23;
549 2692 628 2722 nomen
639 2693 651 2722 a
661 2681 736 2722 causis
748 2688 764 2724 t.
777 2679 833 2724 Plin.
847 2679 897 2734 XV,
912 2677 952 2733 ι4,
965 2677 1077 2724 etsinrilia
1087 2679 1136 2733 alii,
1149 2693 1174 2724 ut
1187 2693 1209 2726 et
1218 2681 1260 2725 du·

214 2760 265 2791 cere
276 2760 369 2799 nomeu,
383 2757 426 2790 ete.
438 2761 468 2790 ee
476 2745 513 2790 vel
524 2743 553 2790 ah
566 2745 645 2809 alique
657 2762 688 2791 re.
699 2772 729 2782 -
741 2737 779 2795 δι’.
792 2751 816 2792 iu
824 2757 913 2810 pectore
924 2747 1013 2808 primus
1022 2747 1092 2792 edidit
1102 2750 1200 2796 Marsus.
1211 2751 1263 2796 hle.

215 2816 245 2863 le.
260 2815 327 2862 Cous.
343 2817 421 2862 lleins.
434 2815 463 2862 ad
476 2815 593 2862 Claudian.
611 2819 634 2863 'tu
648 2817 723 2864 liuha.
740 2821 776 2875 ΙΙ,
789 2835 827 2881 79.
842 2843 873 2854 -
888 2815 925 2874 84.
942 2819 1048 2880 Arrt'gsm
1059 2821 1127 2864 tacite
1143 2833 1166 2865 et
1181 2834 1261 2866 eontra

214 2977 296 3032 pore,
313 2962 455 3033 quesitam
470 2961 568 3014 arduus
581 2963 615 3012 sit
631 2979 716 3013 cona·
760 2983 827 3036 gna,
845 2976 874 3014 ut
887 2957 953 3018 risse
969 2974 995 3013 et
1004 2959 1105 3028 μόχθος,
1120 2963 1174 3014 sid.
1185 2965 1258 3016 Cort.

216 3055 258 3094 tus
277 3055 303 3093 et
323 3042 386 3094 urbs
398 3041 620 3114 inexpugnabilis.
636 3043 715 3096 Gonf.
762 3042 796 3096 ad
807 3042 911 3094 Sallust.
923 3043 980 3094 Cat.
993 3059 1044 3104 ιιι,
1057 3042 1088 3108 4,
1099 3061 1125 3114 p.
1136 3041 1178 3094 50.
1189 3035 1261 3096 Mus·

215 3120 288 3192 Virg.
299 3122 346 3174 Ge.
360 3125 397 3186 II,
410 3123 555 3192 508.-76.
568 3121 716 3173 Verborum
761 3143 834 3197 grav.
848 3124 882 3177 ad
895 3125 985 3194 Eurip.
999 3123 1100 3175 Heouh.
1118 3141 1192 3192 ¹29²·

215 3198 242 3250 h.
252 3200 271 3251 Ι.
285 3199 414 3253 delectum
425 3205 635 3273 grauitatemque
648 3220 716 3273 poe·
797 3221 831 3274 79
841 3221 896 3274 seq.
908 3203 949 3256 CI.
964 3205 989 3268 I,
1001 3203 1052 3254 658
1065 3221 1131 3273 seq,
1145 3217 1170 3254 et
1181 3207 1213 3270 V,
1227 3205 1259 3257 82

216 3280 297 3332 ticam
307 3280 467 3346 desiderari,
474 3285 530 3353 jam
541 3281 644 3333 monuit
652 3284 714 3333 Ern·
760 3302 800 3355 sq.
811 3313 847 3322 -
860 3299 894 3353 79
913 3300 969 3352 seq.
991 3281 1126 3350 Tyrrhena
1145 3284 1260 3356 Stagna,

216 3380 335 3432 -paruo
349 3362 376 3412 in
388 3363 547 3425 discrimine,
561 3363 636 3433 quasi
649 3361 717 3413 nihil
760 3361 1261 3438 Trasymenus,lacuslitruriaetstagua

216 3439 362 3512 periculosi
378 3453 488 3492 consitus
508 3441 556 3506 ait,
576 3441 715 3511 eruptione
761 3443 874 3493 Deorum
880 3440 1021 3512 funeratum
1033 3459 1081 3511 pru
1094 3440 1151 3492 Dei.
1162 3443 1203 3494 Cf.
1213 3445 1262 3509 IV,

215 3521 297 3572 lacta.
309 3520 350 3572 cf.
362 3519 425 3570 Var.
436 3523 508 3572 Lect.
762 3521 842 3592 725...
856 3519 921 3589 738,
935 3519 1001 3582 aa&
1013 3523 1046 3586 V,
1059 3519 1103 3586 4...
1116 3522 1157 3573 ι3.
1170 3552 1206 3560 -
1217 3523 1260 3576 82.

252 3601 295 3669 78.
308 3601 349 3650 An
362 3618 411 3670 pro
421 3600 505 3652 nihilo
515 3598 643 3666 habetis,
651 3617 717 3672 qest·
764 3603 848 3672 Quam
858 3601 972 3667 trahitis,
977 3601 1056 3671 fama
1061 3639 1070 3667 ,
1083 3619 1108 3651 v.
1117 3601 1180 3652 Ver.
1189 3601 1261 3654 Leut.

217 3681 283 3732 tilius
292 3681 402 3745 esteris,
412 3682 434 3731 si
445 3681 516 3731 fama
525 3678 560 3730 ed
571 3697 616 3732 eas
626 3697 719 3750 perve-
798 3681 840 3733 83.
848 3681 929 3749 fessas
939 3680 1002 3731 luxu
1012 3679 1168 3752 adultusque
1176 3699 1262 3734 secum

217 3761 286 3810 uerit
299 3758 332 3812 de
342 3779 371 3811 re
383 3759 451 3812 male
463 3778 478 3811 a
488 3757 563 3810 robis
575 3771 650 3831 gesta
661 3776 717 3810 ves·
763 3761 815 3822 dis,·
826 3761 897 3811 coni.
912 3757 946 3810 ad
959 3760 1005 3824 III,
1017 3759 1163 3828 508--84
1177 3761 1263 3814 sistere

217 3849 311 3907 traque
322 3837 717 3910 ignauia,quoecumquelehore,
763 3853 873 3907 mentes,
892 3839 1010 3904 firmare,
1030 3840 1187 3893 confirmare
1205 3847 1263 3894 ani-

137 3955 140 3960 ·
219 3919 719 3989 virtute‚purastis,easu,fortuuacoep·
764 3921 954 3984 nsum,utfere
968 3918 1040 3989 apud
1052 3918 1191 3991 Virgilium
1203 3923 1261 3972 AEu.

219 3995 253 4044 tls
264 3995 431 4066 adspirante,
440 4007 510 4070 gesto
520 3995 621 4048 videri?
632 3995 719 4047 -Ιιι-
765 3999 814 4064 Vl,
831 3999 897 4068 859,
916 4013 941 4050 et
962 4001 1032 4050 forte
1051 4001 1152 4051 Livium
1169 4001 1216 4064 ΙΙΙ,
1231 4016 1263 4050 20

221 4071 279 4135 hor,
296 4092 431 4141 erumnae,
451 4078 520 4147 inpr.
539 4075 659 4140 bellice,
678 4093 719 4126 res
765 4090 829 4130 extr.
844 4077 897 4131 Sed
907 4097 932 4129 v.
944 4077 1042 4130 Stroth.
1057 4077 1091 4130 ad
1100 4077 1156 4128 Liv.
1168 4077 1189 4127 ΙΙ
1195 4113 1203 4140 ,
1217 4095 1263 4144 29,

220 4151 324 4204 scruter
333 4168 426 4224 geste,
435 4159 515 4210 etiam
525 4155 625 4209 bellum
636 4167 662 4207 et
672 4173 721 4226 pu·
766 4169 793 4208 et
804 4159 853 4222 III,
870 4156 911 4208 16.
