2930 4644
238 293 304 372 llo
429 313 436 332 ··
571 291 956 362 COMMENTATIO

236 428 360 491 buenda
379 452 454 507 esse,
474 452 538 492 non
559 454 629 494 vero
647 434 684 492 N.
703 433 843 509 Heinsio,
863 435 933 516 qui,
954 434 1038 516 quod
1058 438 1151 496 mam
1167 433 1323 494 Vossius

235 516 321 594 fecit,
340 539 411 600 quae
429 519 560 604 Scaliger
580 524 619 583 ad
637 544 725 583 oram
741 523 789 582 sui
806 523 985 605 exemplaris
1003 523 1227 606 adscripscrat,
1254 539 1322 581 sua

237 628 334 668 manu
347 625 550 695 excerpserat:
570 634 665 695 quare
677 613 789 697 passim
805 617 839 673 in
852 615 932 674 notis
947 635 1018 674 vero
1030 618 1147 676 auctori
1163 611 1320 675 reddidi.

277 697 377 776 Atque
395 696 460 759 haec
476 699 573 762 ferme
588 701 675 777 sunt,
692 721 762 783 quse
779 700 819 761 ad
836 699 920 762 hunc
936 700 1018 762 diem
1034 702 1171 762 virorum
1190 701 1322 762 docto·

237 804 309 844 rum
320 784 424 848 labore
435 801 465 848 et
476 788 626 850 industria
638 791 672 850 in
682 789 753 850 Silio
765 802 833 851 acta
845 805 932 850 sunt:
948 803 984 850 ut
993 811 1078 865 vem,
1087 811 1157 872 quae
1166 801 1321 862 restant,

238 871 447 954 absolvamus,
468 879 637 940 videndum
657 900 743 940 nunc
760 893 911 962 superest,
929 879 1003 961 quid
1023 881 1086 962 ipse
1104 881 1137 938 in
1155 876 1221 938 bac
1244 877 1320 937 edi·

237 963 321 1024 tione
332 969 468 1046 praestiti.
482 967 588 1045 Quum
600 968 709 1028 Petrus
720 970 919 1029 Burmannus
930 988 1060 1028 munere
1073 967 1177 1028 fratris
1192 965 1318 1026 Caroli

239 1054 356 1132 Crncii,
375 1059 516 1121 Consulis
532 1061 821 1144 Lugdunollatavi,
841 1061 970 1122 ineditas
988 1060 1104 1122 Nicolai
1122 1061 1251 1120 lla'nsii
1279 1062 1318 1118 in

239 1157 360 1228 ροεῐεω
372 1162 513 1210 nostrum
523 1163 611 1212 notas
620 1151 798 1234 possideret,
809 1172 899 1233 quas,
910 1150 1073 1212 detestatus
1085 1171 1191 1212 sorum
1202 1169 1318 1210 exean-

239 1233 305 1316 pla,
325 1239 380 1318 qui
399 1237 579 1302 illaudando
597 1241 734 1302 facinore
752 1240 799 1302 his
817 1240 965 1302 thesauris
984 1241 1040 1302 soli
1057 1240 1206 1302 incubare
1225 1257 1316 1299 con-

238 1339 412 1402 sueverant,
433 1327 554 1388 dudum
575 1349 647 1390 cum
668 1329 742 1390 orbe
762 1328 882 1390 erudito
902 1330 1131 1390 communicare
1147 1325 1314 1409 gestiebat

233 1409 245 1487 (
255 1413 339 1492 quod
358 1427 395 1476 ut
410 1417 473 1500 ipse
490 1420 609 1501 exsequi
628 1431 740 1500 posset,
763 1419 847 1478 varia
866 1419 986 1500 negotia
1006 1437 1124 1498 semper
1141 1415 1312 1496 inpedive-

238 1504 343 1582 rant)‚
355 1519 462 1566 auctor
473 1507 551 1568 mihi
562 1507 623 1569 fuit
634 1530 670 1570 ac
681 1529 801 1582 suasor,
819 1521 854 1568 ut
865 1507 937 1568 Silio
949 1528 1062 1567 manus
1073 1507 1258 1579 admovere,
1277 1515 1313 1564 et

238 1589 368 1670 diutius,
379 1617 475 1678 quarn
487 1620 543 1680 par
554 1614 634 1676 erat,
651 1599 799 1660 latentem
811 1597 897 1659 hunc
911 1599 1101 1681 optimarum
1112 1596 1310 1657 ohservatio-

239 1702 318 1742 num
332 1681 511 1748 thesaurum
523 1691 556 1750 in
569 1689 670 1750 lucem
682 1687 860 1772 protrahere
872 1689 990 1750 vellem.
1004 1689 1192 1748 Auctoritate
1203 1686 1310 1768 igitur

240 1782 269 1829 et
281 1772 407 1853 inpulsu
422 1779 586 1854 tantiam,
602 1781 672 1861 qui,
688 1778 771 1860 quod
785 1778 946 1861 disciplina
958 1778 1022 1861 ejus
1034 1775 1123 1838 lictus
1134 1797 1170 1836 ac
1179 1775 1307 1836 forma·

238 1871 289 1919 tus
301 1881 400 1940 cram,
412 1867 487 1947 quid
500 1865 621 1931 humeri
633 1872 694 1930 mei
705 1868 786 1930 ferre
797 1881 954 1952 poterant,
966 1871 1081 1951 optime
1094 1866 1307 1948 intelligebat,

240 1946 385 2014 inductus
397 1967 426 2014 et
437 1973 595 2038 permotus
606 1959 721 2020 Nicolai
733 1961 850 2020 Heinsii
864 1965 964 2043 primo
981 1957 1210 2031 adnotationes,
1224 1973 1306 2036 quas

242 2039 376 2118 margini
390 2041 531 2105 editionis
546 2047 772 2128 Dausqueianoe
788 2047 880 2107 variis
896 2045 1100 2129 temporibus,
1116 2055 1305 2124 utquisque

241 2126 274 2183 in
291 2140 428 2190 mentem
443 2147 606 2208 venerant,
626 2133 743 2211 allent,
759 2149 879 2216 quanta
895 2132 956 2194 fide
973 2133 1074 2215 potui,
1093 2129 1251 2211 descriptis
1271 2141 1303 2188 ⁰¹
1426 2157 1427 2168 ¹

240 2231 312 2272 cum
325 2213 385 2280 alio
396 2218 562 2302 exemplari
579 2220 722 2282 editionis
738 2222 881 2297 Goliam,
894 2220 979 2303 cujus
990 2239 1068 2294 orae,
1082 2230 1303 2301 praeterquam

242 2301 390 2385 plurimas
407 2309 610 2394 conjecturas,
630 2315 912 2394 manuscriptorum
932 2313 1031 2371 varias
1053 2309 1197 2370 lectiones
1216 2327 1303 2366 com·
1427 2326 1428 2356 r

178 2409 183 2424 '
244 2396 382 2474 miserat,
402 2399 565 2484 diligenter
584 2403 712 2464 contuli.
734 2401 883 2463 Adhibuit
903 2415 1007 2462 autem
1025 2401 1081 2458 Vir
1099 2398 1250 2459 illustriss
1271 2409 1304 2456 et

243 2487 418 2567 studiosius,
438 2513 533 2573 quarn
555 2496 668 2576 priores
686 2492 837 2568 fecerant,
857 2491 1010 2553 consuluit
1029 2502 1168 2571 excerpta
1189 2487 1302 2548 codicis

244 2575 446 2655 Coloniensis,
458 2601 521 2663 quo
532 2582 607 2643 olim
619 2582 748 2642 Carrion
761 2593 790 2640 et
802 2581 938 2655 Modius,
954 2577 1209 2639 membranarum
1220 2571 1302 2634 Oxo-
1427 2599 1428 2612 ¹

244 2668 416 2744 niensium,
436 2671 548 2751 quibus
568 2669 710 2729 barthius
728 2670 774 2728 usi
794 2666 940 2740 fuerunt3
961 2665 1072 2727 deinde
1092 2665 1151 2724 illis
1171 2661 1300 2746 quidem

245 2777 309 2817 non
328 2760 428 2819 visum
446 2763 691 2842 manuscriptum
709 2759 916 2832 Puteaneum,
932 2755 1057 2836 reliquis
1074 2768 1195 2826 nmen,
1214 2751 1299 2834 quod

244 2844 408 2908 fatendum
427 2863 484 2925 est,
504 2851 678 2933 integritate
694 2867 728 2908 ac
743 2843 805 2906 fide
825 2849 1003 2906 inmensum
1022 2855 1177 2924 quantum
1195 2861 1302 2901 conce·

244 2935 335 3013 dens,
356 2938 439 3020 quod
461 2941 599 3002 nuncin
623 2935 805 3000 bibliotheca
826 2938 913 3020 Regis
933 2934 1183 2995 Christianissimi
1201 2951 1300 2991 serva-

246 3027 366 3104 tur(r)‚
390 3039 540 3087 vetustam
563 3030 687 3109 insuper
708 3025 1094 3086 editionem-Parmensem
1119 3023 1197 3082 anni
1223 3017 1296 3093 1481

245 3132 341 3191 quam
356 3113 396 3172 ab
412 3114 579 3176 Edmundo
597 3113 741 3197 Figrelio‚
757 3113 917 3196 quondam
933 3112 1138 3172 Historiarum
1155 3111 1189 3168 in
1205 3108 1299 3188 Regia

246 3198 409 3261 Academia
428 3201 596 3263 Ubsaliensi
617 3202 800 3276 Professore,
819 3222 854 3262 ex
875 3197 1058 3260 bibliotheca
1079 3198 1166 3278 Regis
1186 3195 1299 3254 Sueciae

246 3288 395 3349 utendam
410 3289 543 3372 adcepit,
560 3312 791 3374 nonnunquam
802 3290 935 3372 denique
945 3289 1117 3348 Romanam
1131 3285 1298 3344 editionem

246 3379 490 3461 antiquissimam
509 3379 667 3454 Aldinam,
687 3381 840 3462 aliasque:
865 3379 949 3439 unde
966 3377 1099 3438 multam
1115 3373 1299 3434 observatio·

246 3491 324 3530 num
338 3468 445 3529 silvam
458 3481 634 3545 metasset,
651 3487 794 3551 acquam
807 3469 954 3552 plurimas
965 3479 995 3526 et
1006 3465 1139 3548 egregias
1154 3462 1299 3523 lectiones

245 3560 285 3621 ab
305 3563 399 3644 ipsius
418 3558 481 3620 Silii
502 3579 599 3620 manu
621 3559 783 3642 profectas,
804 3581 881 3641 quas
902 3558 1102 3641 posteriorum
1121 3567 1296 3635 temporum

243 3649 360 3711 librarii
379 3663 409 3712 et
426 3648 593 3710 literatores
613 3652 726 3732 insigni
746 3649 855 3710 scelere
874 3649 1080 3732 depravarant
1100 3665 1135 3704 ac
1155 3659 1296 3723 corrupe-

243 3752 330 3814 rant,
355 3738 523 3801 felicissime
546 3741 661 3800 auctori
675 3735 828 3800 restituit.
852 3739 1000 3816 Quamvis
1013 3747 1296 3812 'autemmagnam

280 3933 419 4020 (neoda
428 3968 501 4003 nunc
510 3951 660 4014 Puteanus,¹
669 3963 748 4003 antea
793 3947 828 4000 da
841 3947 922 4000 fuerit
939 3944 1143 4019 diligentissimo
1155 3939 1292 4034 leschon,

242 4035 375 4096 Venetus,
392 4032 590 4084 recentissimus
607 4030 714 4082 stmulo
733 4047 748 4081 a
794 4028 839 4097 qui
857 4043 886 4080 se
905 4028 1056 4078 accuratius
1071 4043 1131 4078 eum
1146 4036 1293 4076 excussisse

242 4107 749 4178 Nalisinsiocollatusffilideshabcn·
793 4105 933 4179 gloriatur.
