2962 4646
257 377 314 456 ψ
567 367 602 430 o.
625 363 750 431 sinn
775 359 994 430 1TAL101'

251 515 497 597 Damnatusque
509 504 591 583 doli,
605 506 743 572 desertis
756 506 896 596 conjuge
909 503 974 570 fida

250 618 293 681 Et
305 616 497 692 dulcinum,
510 614 638 704 linquet
650 611 853 699 Carthaginis
865 633 972 692 arces,

249 727 359 813 Atque
373 745 437 786 una
448 723 607 811 profugus
618 719 770 784 lustrabit
782 718 901 802 cerula
913 739 1036 806 puppe.

251 829 338 893 Hinc
349 827 456 893 Cilicis
468 826 569 892 Tauri
582 847 694 890 saxosa
709 826 878 888 cacumina
891 823 982 891 viset.

299 964 312 994 ι
325 934 427 1000 Proh!
441 951 565 1024 quanto
577 932 682 997 levius
693 931 887 996 mortalibus
900 953 985 1018 aegra
997 930 1108 996 subire

250 1043 400 1122 Servitia,
413 1059 512 1130 atque
527 1040 669 1118 hiemes,
683 1055 863 1126 aestusque,
879 1039 1073 1127 fugamque,
1086 1038 1295 1128 fretumque,

249 1154 356 1240 Atque
368 1149 505 1224 famem,
519 1167 617 1235 quam
630 1167 727 1233 posse
740 1143 838 1208 mori!
854 1146 930 1212 Post
943 1143 1022 1210 ltala
1034 1143 1120 1213 bella
1246 1153 1295 1204 aas

162 1273 166 1285 ’
248 1257 379 1345 Assyrio
392 1251 534 1318 famulus
546 1250 629 1336 regi,
644 1247 812 1339 falsusque
826 1250 928 1337 cupiti

249 1365 401 1430 Ausoniae
413 1378 537 1443 motus,
551 1357 653 1424 dubio
665 1373 756 1447 petet
767 1379 900 1446 aequora
912 1357 1002 1440 velo;

248 1473 378 1546 Donec,
391 1468 556 1533 Prusiacas
570 1464 697 1530 delatus
710 1465 854 1554 segniter
866 1487 954 1546 oras,

248 1575 358 1639 Altera
371 1574 501 1638 servitia
512 1571 626 1638 inbelli
639 1572 782 1662 patietur
794 1573 828 1636 in
841 1594 927 1651 aevo,

249 1681 290 1743 Et
302 1678 460 1743 latebram
472 1701 593 1744 munus
605 1679 707 1765 regni.
721 1676 945 1742 Perstantibus
957 1675 1035 1742 inde
1246 1687 1294 1749 890

248 1875 308 1920 Ven.
316 1888 363 1922 see.
371 1874 450 1922 Marti.
456 1869 533 1934 Vulgo
541 1873 661 1920 Manedum
667 1872 755 1920 eolenni
763 1872 828 1934 lapsu
836 1907 842 1928 ,
850 1889 873 1918 a.
882 1885 931 1919 not.
937 1897 967 1910 -·
973 1873 1026 1935 879.
1035 1873 1137 1918 memus
1143 1873 1195 1918 Put.
1201 1869 1291 1928 -884

248 1945 275 1990 ln
289 1943 396 1990 omnibus
411 1941 463 1988 edd.
480 1957 538 2005 quae
552 1944 575 1990 in
591 1941 697 1988 manibus
715 1942 798 1997 hebui,
813 1957 893 1988 versus
910 1943 945 1988 hic
960 1945 989 1991 ite
1004 1945 1104 2006 legitur:
1121 1945 1214 1989 Servitia
1225 1952 1293 2006 atque

250 2013 343 2068 Momm,
353 2022 422 2060 oestus
429 2047 435 2068 ,
439 2012 567 2076 fugamque
569 2011 715 2074 fretumque,
727 2025 807 2058 contra
816 2013 883 2058 nisui
892 2013 955 2073 leges
973 2015 1050 2073 Quare
1061 2014 1210 2060 veliementer
1220 2013 1295 2060 aon·

249 2099 289 2130 ror
298 2087 359 2130 viros
371 2083 432 2130 doct.
445 2082 508 2128 bunc
519 2081 596 2130 locum
605 2083 673 2130 tacite
685 2083 871 2145 praetermisisse,
882 2095 905 2130 et
915 2099 986 2146 quruu
999 2099 1091 2132 uersum
1101 2084 1221 2138 rnauil'este
1231 2083 1293 2130 clau·

222 2207 228 2212 ,
248 2154 362 2202 dicantmn
379 2157 520 2216 reciperent,
538 2153 594 2200 nihil
609 2153 765 2200 admonuisse.
782 2153 896 2218 l·'quidern
914 2169 989 2202 metro
1008 2155 1125 2213 consului,
1142 2155 1220 2216 adtliro
1236 2170 1292 2219 que,

248 2227 313 2289 quod
329 2240 352 2273 et
369 2227 479 2272 orationis
494 2225 603 2288 junctura
617 2227 756 2288 postulabar.
774 2229 816 2271 Eo.
831 2251 862 2262 -
876 2225 929 2272 886.
943 2227 1065 2289 fassusque
1083 2233 1157 2276 l‘arnt.
1172 2243 1295 2292 russusque

248 2297 310 2359 conj.
325 2298 355 2344 N.
371 2297 449 2343 lleina.
462 2323 493 2333 -
507 2295 560 2358 889.
573 2294 650 2342 artelli
662 2300 752 2360 scripti,
765 2300 787 2344 ia
799 2295 861 2344 hellis
874 2299 901 2344 R.
918 2312 939 2344 2.
952 2299 1026 2362 Vulgo
1038 2297 1132 2346 inbellis.
1148 2299 1237 2350 Deinde
1249 2313 1292 2362 pa·

249 2453 283 2508 ad
298 2453 389 2509 Senec.
408 2457 486 2508 llere.
498 2458 550 2509 fur.
564 2457 623 2526 980.
636 2488 671 2497 -
685 2459 748 2512 Ma·
792 2478 867 2528 rum,
884 2479 993 2532 aspera,
1010 2479 1057 2514 seu
1068 2459 1170 2532 rpegrie
1183 2471 1209 2511 et
1221 2477 1292 2510 cam-

248 2547 334 2589 cetam
346 2555 419 2588 arma
429 2555 478 2609 pro
488 2535 559 2610 Syris
569 2535 666 2590 dixisse
675 2538 748 2592 vide·
792 2543 896 2610 pastris.
910 2541 961 2595 883
973 2531 1030 2614 sqq.
1046 2541 1123 2593 Coni.
1137 2542 1175 2608 11,
1187 2538 1237 2591 223
1251 2556 1289 2610 aq.

249 2629 292 2670 tur
307 2617 399 2684 Silius,
415 2618 478 2688 quia
489 2613 637 2668 Antiochus
650 2619 686 2670 M.
700 2617 749 2671 ab·
791 2619 882 2692 ibique
899 2635 954 2673 not.

248 2715 333 2769 nepas
345 2698 395 2750 fuit
402 2695 504 2750 Seleuci
514 2698 661 2763 Nicatoris,
671 2697 746 2752 ducis
828 2699 879 2754 886
891 2719 947 2772 seq.
962 2699 1083 2770 Assyrio,
1097 2697 1171 2772 Syrio
1184 2698 1231 2770 (ut
1241 2699 1289 2761 xl,

247 2777 441 2845 Macedonum,
461 2780 507 2848 qui
526 2791 587 2849 post
603 2777 747 2832 Alexandri
792 2779 940 2853 41),1ϊ9ἰ,
958 2777 1091 2830 Antiocho
1106 2780 1142 2830 Μ.
1155 2777 1291 2852 famulas,

247 2859 285 2910 M.
296 2873 407 2911 mortem
417 2877 525 2930 regnum
534 2859 611 2931 Syria
622 2858 746 2912 obtinuit.
792 2861 836 2910 cui
852 2877 961 2932 operam
977 2875 1052 2924 sunm
1068 2857 1189 2924 addicet,
1202 2871 1232 2908 nt
1245 2857 1292 2930 de.-

248 2939 290 2989 An
315 2939 431 3010 respexit
454 2937 540 2990 loedus
560 2939 632 2991 inter
651 2941 747 2990 Antio·
791 2937 855 2990 inde
874 2939 984 3004 Prusiae,
1002 2935 1073 2988 unde
1088 2955 1111 2988 v.
1129 2937 1194 3002 889,
1211 2937 1292 2990 altem

250 3015 329 3069 chum
345 3015 552 3090 Philippumque
573 3020 669 3087 ictum,
692 3017 750 3070 bel·
792 3017 910 3082 servitia,
932 3013 1003 3088 quod
1017 3016 1072 3085 jaro
1090 3015 1192 3089 negavit
1210 3015 1290 3092 Dralr.

248 3097 336 3150 lumve
352 3096 545 3170 Philippicum,
565 3098 639 3170 quod
655 3098 749 3148 Antio·
793 3097 834 3148 Cf.
847 3095 903 3148 Liv.
916 3095 1034 3160 xxxin
1048 3095 1091 3146 60.
1104 3123 1139 3132 -·
1145 3093 1233 3166 salsus
1248 3119 1294 3168 cu-

249 3173 326 3228 chico
345 3177 513 3230 occasionem
532 3177 624 3229 dedit?
641 3166 682 3228 Gf'.
701 3177 749 3227 Po·
791 3171 843 3250 piri
852 3176 974 3228 Ausonio
986 3175 1082 3240 m'otns,
1095 3175 1292 3252 frustratusspe

249 3255 301 3328 tyb.
317 3256 364 3309 lib.
378 3261 426 3326 lll,
440 3277 469 3324 a,
483 3277 512 3329 7,
528 3271 553 3309 et
565 3256 613 3320 3²3
627 3255 684 3320 XV,
700 3272 747 3314 203
794 3256 821 3307 in
834 3255 905 3307 bello
918 3253 1077 3306 Antiocltico
1095 3253 1220 3308 adversus
1239 3259 1292 3316 llo-,

248 3335 348 3402 XVlll,
362 3356 403 3390 11.
418 3335 469 3389 Sed
481 3334 527 3388 illa
543 3337 610 3388 ratio
621 3335 748 3406 prestita·
793 3352 885 3386 manos
903 3336 1006 3408 posita,
1026 3334 1098 3406 quod
1117 3336 1184 3388 male
1204 3339 1290 3394 cessit.

248 3419 297 3468 rit:
315 3417 394 3471 Silius
407 3430 495 3470 autem
508 3409 626 3484 epitheta
642 3412 747 3484 longius
793 3415 834 3466 Gi.
846 3417 902 3467 Liv.
915 3415 1039 3481 XXXVl,
1060 3433 1090 3486 ¹9
1103 3435 1157 3488 seq·
1170 3447 1202 3456 ·-
1215 3417 1291 3468 dubio

248 3499 334 3570 petita
346 3509 423 3550 amat.
439 3492 500 3546 Vid.
512 3491 546 3543 ad
561 3493 585 3554 l,
597 3492 622 3542 6.
793 3491 863 3561 velo,
874 3493 971 3548 dubius
983 3513 1036 3567 quo
1049 3495 1201 3548 contendat.

249 3571 251 3580 ’
285 3571 747 3647 879...882.llannibalallomanis
829 3577 888 3630 888.
905 3576 946 3628 Ad
960 3579 1079 3630 Prusiam
1097 3597 1183 3648 regern
1201 3575 1290 3648 Bithy-

250 3654 393 3707 adeusntas
413 3651 600 3720 Carthaginem
623 3651 748 3724 relinquit
793 3659 843 3709 nire
854 3658 1006 3732 confugiet,
1016 3659 1230 3724 et,nell01nanis
1241 3672 1290 3712 tre·

248 3747 274 3786 et
288 3736 313 3785 in
324 3734 413 3784 Asiam
425 3730 459 3784 ad
470 3731 630 3784 Antiochum
641 3734 677 3785 M.
688 3754 748 3808 per·
793 3737 885 3806 datur,
895 3756 1025 3790 venenum
1035 3751 1134 3802 sumet,
1147 3737 1218 3809 quod
1230 3751 1289 3790 ante

249 3813 325 3882 fugit.
339 3809 416 3864 Cani.
427 3811 483 3864 Liv.
493 3811 614 3880 xxxin,
627 3813 692 3886 47..
703 3815 745 3886 49.
792 3831 971 3890 praeparatum
987 3819 1021 3871 ad
1035 3819 1099 3870 tales
1118 3835 1194 3870 casus
1207 3817 1288 3874 harbe-

251 3893 351 3943 Taunts
361 3893 489 3944 maximus
499 3909 574 3944 mons
585 3895 651 3946 risiae
662 3895 748 3948 mino-
791 3895 840 3948 bit.
853 3897 894 3948 ef.
903 3895 958 3948 Liv.
969 3897 1094 3962 xxxix,
1107 3897 1148 3949 51.
1158 3927 1189 3935 —
1200 3894 1289 3949 inbelli

248 3973 298 4039 ris,
309 3971 384 4043 cujus
394 3991 456 4044 pars
467 3989 506 4028 est
516 3975 654 4028 cilicia-
662 3976 748 4030 Cilicis
793 3975 819 4027 in
835 3994 903 4041 oevo,
916 3977 943 4028 in
958 3990 1101 4030 senectute.
1117 3978 1216 4030 Confer
1230 3995 1288 4031 curn

251 4053 332 4106 Tauri
342 4067 371 4105 ut
383 4055 455 4127 apud
467 4055 545 4110 Ouid.
560 4058 623 4128 Met.
637 4057 673 4126 11,
687 4075 745 4128 ²¹7·
791 4055 844 4108 hoc
860 4056 921 4109 loco
933 4057 1013 4110 verba
1024 4057 1172 4121 luvenalis,
1191 4070 1239 4110 sat.
1252 4056 1288 4126 x,

247 4137 320 4192 Nora
329 4149 370 4190 est
380 4133 470 4197 Cilicio
480 4153 553 4192 extra
564 4150 589 4202 et
600 4139 669 4190 intra
678 4137 748 4190 Tau·
796 4137 845 4208 1611
859 4155 930 4210 seq,
946 4139 994 4191 ubi
1010 4137 1103 4208 eadem
1117 4155 1165 4190 suo
1178 4139 1288 4207 quisquo
