<?xml version="1.0" encoding="UTF-8"?>
<!DOCTYPE html PUBLIC "-//W3C//DTD XHTML 1.0 Transitional//EN"
    "http://www.w3.org/TR/xhtml1/DTD/xhtml1-transitional.dtd">
<html xmlns="http://www.w3.org/1999/xhtml" xml:lang="en" lang="en">
 <head>
  <title>
</title>
<meta http-equiv="Content-Type" content="text/html;charset=utf-8" />
  <meta name='ocr-system' content='tesseract 3.04.00' />
  <meta name='ocr-capabilities' content='ocr_page ocr_carea ocr_par ocr_line ocrx_word'/>
</head>
<body>
  <div class='ocr_page' id='page_1' title='image "./punicorumlibris00italgoog/punicorumlibris00italgoog_0412.png"; bbox 0 0 2930 4644; ppageno 0'>
   <div class='ocr_carea' id='block_1_1' title="bbox 384 381 1247 490">
    <p class='ocr_par' dir='ltr' id='par_1_1' title="bbox 384 381 1247 490">
     <span class='ocr_line' id='line_1_1' title="bbox 384 381 1247 490; baseline 0 -42"><span class='ocrx_word' id='word_1_1' title='bbox 384 383 448 448; x_wconf 81' lang='lat' dir='ltr'>na</span> <span class='ocrx_word' id='word_1_2' title='bbox 471 381 587 490; x_wconf 78' lang='lat' dir='ltr'>sinu</span> <span class='ocrx_word' id='word_1_3' title='bbox 611 381 726 447; x_wconf 76' lang='lat' dir='ltr'>vrrs</span> <span class='ocrx_word' id='word_1_4' title='bbox 750 381 812 448; x_wconf 79' lang='lat' dir='ltr'>ar</span> <span class='ocrx_word' id='word_1_5' title='bbox 834 383 1065 452; x_wconf 74' lang='lat' dir='ltr'>casurus.</span> <span class='ocrx_word' id='word_1_6' title='bbox 1186 389 1247 474; x_wconf 74' lang='lat'>4⁰7</span> 
     </span>
    </p>
   </div>
   <div class='ocr_carea' id='block_1_2' title="bbox 200 515 1250 700">
    <p class='ocr_par' dir='ltr' id='par_1_2' title="bbox 200 515 1250 700">
     <span class='ocr_line' id='line_1_2' title="bbox 201 515 1250 614; baseline 0.015 -39"><span class='ocrx_word' id='word_1_7' title='bbox 201 515 284 579; x_wconf 90' lang='lat' dir='ltr'>dicta</span> <span class='ocrx_word' id='word_1_8' title='bbox 297 521 583 606; x_wconf 78' lang='lat' dir='ltr'>epistolaflorerrtem</span> <span class='ocrx_word' id='word_1_9' title='bbox 593 536 624 584; x_wconf 85' lang='lat' dir='ltr'>et</span> <span class='ocrx_word' id='word_1_10' title='bbox 633 524 814 586; x_wconf 70' lang='lat' dir='ltr'>conmlarem</span> <span class='ocrx_word' id='word_1_11' title='bbox 824 525 917 586; x_wconf 84' lang='lat' dir='ltr'><strong>dixit:</strong></span> <span class='ocrx_word' id='word_1_12' title='bbox 932 531 1038 589; x_wconf 88' lang='lat' dir='ltr'>tertius</span> <span class='ocrx_word' id='word_1_13' title='bbox 1049 541 1119 590; x_wconf 86' lang='lat' dir='ltr'>voto</span> <span class='ocrx_word' id='word_1_14' title='bbox 1130 551 1149 590; x_wconf 88' lang='lat' dir='ltr'>a</span> <span class='ocrx_word' id='word_1_15' title='bbox 1159 545 1250 614; x_wconf 86' lang='lat' dir='ltr'>poeta</span> 
     </span>
     <span class='ocr_line' id='line_1_3' title="bbox 200 611 1248 700; baseline 0.015 -34"><span class='ocrx_word' id='word_1_16' title='bbox 200 611 400 686; x_wconf 73' lang='lat' dir='ltr'>praesumitur</span> <span class='ocrx_word' id='word_1_17' title='bbox 417 634 474 694; x_wconf 86' lang='lat' dir='ltr'>pro</span> <span class='ocrx_word' id='word_1_18' title='bbox 492 614 611 674; x_wconf 88' lang='lat' dir='ltr'>minore</span> <span class='ocrx_word' id='word_1_19' title='bbox 628 613 707 690; x_wconf 86' lang='lat' dir='ltr'>lilio,</span> <span class='ocrx_word' id='word_1_20' title='bbox 726 615 780 695; x_wconf 81' lang='lat' dir='ltr'>qui</span> <span class='ocrx_word' id='word_1_21' title='bbox 798 632 870 676; x_wconf 85' lang='lat' dir='ltr'>vero</span> <span class='ocrx_word' id='word_1_22' title='bbox 889 637 952 677; x_wconf 90' lang='lat' dir='ltr'>non</span> <span class='ocrx_word' id='word_1_23' title='bbox 970 633 1174 700; x_wconf 79' lang='lat' dir='ltr'>consequutus</span> <span class='ocrx_word' id='word_1_24' title='bbox 1188 634 1248 696; x_wconf 88' lang='lat' dir='ltr'>cst,</span> 
     </span>
    </p>
   </div>
   <div class='ocr_carea' id='block_1_3' title="bbox 199 694 1250 850">
    <p class='ocr_par' dir='ltr' id='par_1_3' title="bbox 199 694 1250 850">
     <span class='ocr_line' id='line_1_4' title="bbox 199 694 1250 790; baseline 0.015 -37"><span class='ocrx_word' id='word_1_25' title='bbox 199 694 252 754; x_wconf 84' lang='lat' dir='ltr'>sed</span> <span class='ocrx_word' id='word_1_26' title='bbox 270 709 341 758; x_wconf 90' lang='lat' dir='ltr'>ante</span> <span class='ocrx_word' id='word_1_27' title='bbox 357 715 476 781; x_wconf 89' lang='lat' dir='ltr'>patrem</span> <span class='ocrx_word' id='word_1_28' title='bbox 491 701 624 771; x_wconf 81' lang='lat' dir='ltr'>dacesait.</span> <span class='ocrx_word' id='word_1_29' title='bbox 642 703 683 762; x_wconf 88' lang='lat' dir='ltr'>Hi</span> <span class='ocrx_word' id='word_1_30' title='bbox 700 704 832 764; x_wconf 82' lang='lat' dir='ltr'>maxime</span> <span class='ocrx_word' id='word_1_31' title='bbox 844 725 962 780; x_wconf 84' lang='lat' dir='ltr'>versus,</span> <span class='ocrx_word' id='word_1_32' title='bbox 975 709 1154 790; x_wconf 79' lang='lat' dir='ltr'>opinamur,</span> <span class='ocrx_word' id='word_1_33' title='bbox 1168 729 1250 768; x_wconf 82' lang='lat' dir='ltr'>erro-</span> 
     </span>
     <span class='ocr_line' id='line_1_5' title="bbox 205 785 488 850; baseline 0.025 -9"><span class='ocrx_word' id='word_1_34' title='bbox 205 802 270 842; x_wconf 87' lang='lat' dir='ltr'>rem</span> <span class='ocrx_word' id='word_1_35' title='bbox 283 785 488 850; x_wconf 85' lang='lat' dir='ltr'>induxerunt:</span> 
     </span>
    </p>
   </div>
   <div class='ocr_carea' id='block_1_4' title="bbox 345 913 802 1064">
    <p class='ocr_par' dir='ltr' id='par_1_4' title="bbox 345 913 802 1064">
     <span class='ocr_line' id='line_1_6' title="bbox 345 913 802 988; baseline 0.011 -22"><span class='ocrx_word' id='word_1_36' title='bbox 345 913 388 966; x_wconf 85' lang='lat' dir='ltr'>Bis</span> <span class='ocrx_word' id='word_1_37' title='bbox 399 931 478 968; x_wconf 87' lang='lat' dir='ltr'>senos</span> <span class='ocrx_word' id='word_1_38' title='bbox 485 917 563 988; x_wconf 89' lang='lat' dir='ltr'>jubet</span> <span class='ocrx_word' id='word_1_39' title='bbox 574 937 607 970; x_wconf 88' lang='lat' dir='ltr'>en</span> <span class='ocrx_word' id='word_1_40' title='bbox 618 917 706 971; x_wconf 85' lang='lat' dir='ltr'>redire</span> <span class='ocrx_word' id='word_1_41' title='bbox 716 919 802 971; x_wconf 80' lang='lat' dir='ltr'>fasces</span> 
     </span>
     <span class='ocr_line' id='line_1_7' title="bbox 346 993 624 1064; baseline 0.025 -19"><span class='ocrx_word' id='word_1_42' title='bbox 346 993 417 1048; x_wconf 87' lang='lat' dir='ltr'>Nato</span> <span class='ocrx_word' id='word_1_43' title='bbox 428 997 552 1064; x_wconf 86' lang='lat' dir='ltr'>consule,</span> <span class='ocrx_word' id='word_1_44' title='bbox 620 1007 624 1016; x_wconf 95' lang='lat'>&#39;</span> 
     </span>
    </p>
   </div>
   <div class='ocr_carea' id='block_1_5' title="bbox 202 1101 1253 1372">
    <p class='ocr_par' dir='ltr' id='par_1_5' title="bbox 202 1101 1253 1372">
     <span class='ocr_line' id='line_1_8' title="bbox 203 1101 1252 1194; baseline 0.012 -35"><span class='ocrx_word' id='word_1_45' title='bbox 203 1101 233 1161; x_wconf 92' lang='lat' dir='ltr'>id</span> <span class='ocrx_word' id='word_1_46' title='bbox 255 1115 312 1182; x_wconf 88' lang='lat' dir='ltr'>est,</span> <span class='ocrx_word' id='word_1_47' title='bbox 334 1105 397 1169; x_wconf 87' lang='lat' dir='ltr'>filio</span> <span class='ocrx_word' id='word_1_48' title='bbox 417 1110 554 1184; x_wconf 82' lang='lat' dir='ltr'>cousule3</span> <span class='ocrx_word' id='word_1_49' title='bbox 575 1111 629 1171; x_wconf 91' lang='lat' dir='ltr'>ubi</span> <span class='ocrx_word' id='word_1_50' title='bbox 650 1108 777 1193; x_wconf 90' lang='lat' dir='ltr'>quidam</span> <span class='ocrx_word' id='word_1_51' title='bbox 798 1111 884 1188; x_wconf 82' lang='lat' dir='ltr'>libri,</span> <span class='ocrx_word' id='word_1_52' title='bbox 906 1111 956 1174; x_wconf 86' lang='lat' dir='ltr'>sed</span> <span class='ocrx_word' id='word_1_53' title='bbox 978 1112 1081 1172; x_wconf 88' lang='lat' dir='ltr'>minus</span> <span class='ocrx_word' id='word_1_54' title='bbox 1100 1113 1252 1194; x_wconf 86' lang='lat' dir='ltr'>castigati,</span> 
     </span>
     <span class='ocr_line' id='line_1_9' title="bbox 203 1195 1252 1283; baseline 0.009 -31"><span class='ocrx_word' id='word_1_55' title='bbox 203 1206 269 1253; x_wconf 86' lang='lat' dir='ltr'>uoto</span> <span class='ocrx_word' id='word_1_56' title='bbox 281 1195 410 1276; x_wconf 81' lang='lat' dir='ltr'>consule,</span> <span class='ocrx_word' id='word_1_57' title='bbox 425 1200 513 1283; x_wconf 90' lang='lat' dir='ltr'>quasi</span> <span class='ocrx_word' id='word_1_58' title='bbox 526 1200 564 1260; x_wconf 88' lang='lat' dir='ltr'>de</span> <span class='ocrx_word' id='word_1_59' title='bbox 577 1211 679 1280; x_wconf 88' lang='lat' dir='ltr'>patre,</span> <span class='ocrx_word' id='word_1_60' title='bbox 694 1221 758 1261; x_wconf 92' lang='lat' dir='ltr'>non</span> <span class='ocrx_word' id='word_1_61' title='bbox 772 1201 810 1260; x_wconf 90' lang='lat' dir='ltr'>de</span> <span class='ocrx_word' id='word_1_62' title='bbox 822 1197 885 1261; x_wconf 87' lang='lat' dir='ltr'>filio</span> <span class='ocrx_word' id='word_1_63' title='bbox 898 1201 1098 1282; x_wconf 77' lang='lat' dir='ltr'>intelligatur.</span> <span class='ocrx_word' id='word_1_64' title='bbox 1111 1201 1171 1260; x_wconf 88' lang='lat' dir='ltr'>Nos</span> <span class='ocrx_word' id='word_1_65' title='bbox 1183 1221 1252 1260; x_wconf 85' lang='lat' dir='ltr'>vcro</span> 
     </span>
     <span class='ocr_line' id='line_1_10' title="bbox 202 1283 1253 1372; baseline 0.007 -31"><span class='ocrx_word' id='word_1_66' title='bbox 202 1283 357 1346; x_wconf 89' lang='lat' dir='ltr'>malumus</span> <span class='ocrx_word' id='word_1_67' title='bbox 368 1287 530 1350; x_wconf 87' lang='lat' dir='ltr'>Vincentio</span> <span class='ocrx_word' id='word_1_68' title='bbox 541 1290 685 1366; x_wconf 78' lang='lat' dir='ltr'>Collctso,</span> <span class='ocrx_word' id='word_1_69' title='bbox 698 1290 887 1352; x_wconf 85' lang='lat' dir='ltr'>nobilissimo</span> <span class='ocrx_word' id='word_1_70' title='bbox 898 1291 978 1372; x_wconf 86' lang='lat' dir='ltr'>juris</span> <span class='ocrx_word' id='word_1_71' title='bbox 992 1290 1144 1367; x_wconf 87' lang='lat' dir='ltr'>consulto,</span> <span class='ocrx_word' id='word_1_72' title='bbox 1159 1311 1253 1370; x_wconf 87' lang='lat' dir='ltr'>quam</span> 
     </span>
    </p>
   </div>
   <div class='ocr_carea' id='block_1_6' title="bbox 202 1372 1255 1722">
    <p class='ocr_par' dir='ltr' id='par_1_6' title="bbox 202 1372 1255 1722">
     <span class='ocr_line' id='line_1_11' title="bbox 204 1372 1255 1462; baseline 0.01 -33"><span class='ocrx_word' id='word_1_73' title='bbox 204 1372 339 1434; x_wconf 83' lang='lat' dir='ltr'>Liuineio</span> <span class='ocrx_word' id='word_1_74' title='bbox 353 1391 407 1436; x_wconf 90' lang='lat' dir='ltr'>aut</span> <span class='ocrx_word' id='word_1_75' title='bbox 421 1378 538 1460; x_wconf 87' lang='lat' dir='ltr'>Lipsio‚</span> <span class='ocrx_word' id='word_1_76' title='bbox 553 1379 712 1455; x_wconf 75' lang='lat' dir='ltr'>adcedam,</span> <span class='ocrx_word' id='word_1_77' title='bbox 727 1381 780 1462; x_wconf 85' lang='lat' dir='ltr'>qui</span> <span class='ocrx_word' id='word_1_78' title='bbox 795 1394 867 1442; x_wconf 87' lang='lat' dir='ltr'>ante</span> <span class='ocrx_word' id='word_1_79' title='bbox 881 1378 935 1440; x_wconf 87' lang='lat' dir='ltr'>hos</span> <span class='ocrx_word' id='word_1_80' title='bbox 950 1381 1019 1440; x_wconf 86' lang='lat' dir='ltr'>XIV</span> <span class='ocrx_word' id='word_1_81' title='bbox 1033 1400 1130 1440; x_wconf 91' lang='lat' dir='ltr'>annos</span> <span class='ocrx_word' id='word_1_82' title='bbox 1144 1379 1182 1438; x_wconf 91' lang='lat' dir='ltr'>ad</span> <span class='ocrx_word' id='word_1_83' title='bbox 1197 1377 1255 1440; x_wconf 86' lang='lat' dir='ltr'>hoc</span> 
     </span>
     <span class='ocr_line' id='line_1_12' title="bbox 202 1464 1254 1552; baseline 0.008 -32"><span class='ocrx_word' id='word_1_84' title='bbox 202 1464 396 1543; x_wconf 87' lang='lat' dir='ltr'>epigramma</span> <span class='ocrx_word' id='word_1_85' title='bbox 419 1480 643 1530; x_wconf 88' lang='lat' dir='ltr'>commentatus</span> <span class='ocrx_word' id='word_1_86' title='bbox 666 1483 729 1530; x_wconf 89' lang='lat' dir='ltr'>cst:</span> <span class='ocrx_word' id='word_1_87' title='bbox 761 1471 878 1532; x_wconf 82' lang='lat' dir='ltr'>aSilius</span> <span class='ocrx_word' id='word_1_88' title='bbox 903 1483 991 1552; x_wconf 87' lang='lat' dir='ltr'>pater</span> <span class='ocrx_word' id='word_1_89' title='bbox 1015 1471 1106 1532; x_wconf 86' lang='lat' dir='ltr'>semel</span> <span class='ocrx_word' id='word_1_90' title='bbox 1132 1483 1254 1530; x_wconf 87' lang='lat' dir='ltr'>tantum</span> 
     </span>
     <span class='ocr_line' id='line_1_13' title="bbox 205 1553 1255 1640; baseline 0.01 -33"><span class='ocrx_word' id='word_1_91' title='bbox 205 1553 311 1611; x_wconf 85' lang='lat' dir='ltr'>consul</span> <span class='ocrx_word' id='word_1_92' title='bbox 326 1554 400 1631; x_wconf 84' lang='lat' dir='ltr'>fuit,</span> <span class='ocrx_word' id='word_1_93' title='bbox 414 1577 450 1616; x_wconf 89' lang='lat' dir='ltr'>eo</span> <span class='ocrx_word' id='word_1_94' title='bbox 464 1577 563 1633; x_wconf 88' lang='lat' dir='ltr'>anno,</span> <span class='ocrx_word' id='word_1_95' title='bbox 578 1578 639 1640; x_wconf 85' lang='lat' dir='ltr'>quo</span> <span class='ocrx_word' id='word_1_96' title='bbox 653 1559 742 1639; x_wconf 85' lang='lat' dir='ltr'>periit</span> <span class='ocrx_word' id='word_1_97' title='bbox 755 1559 844 1619; x_wconf 81' lang='lat' dir='ltr'>Nero.</span> <span class='ocrx_word' id='word_1_98' title='bbox 855 1585 869 1614; x_wconf 80' lang='lat' dir='ltr'>n</span> <span class='ocrx_word' id='word_1_99' title='bbox 884 1559 930 1619; x_wconf 89' lang='lat' dir='ltr'>Sic</span> <span class='ocrx_word' id='word_1_100' title='bbox 945 1559 1022 1619; x_wconf 89' lang='lat' dir='ltr'>bene</span> <span class='ocrx_word' id='word_1_101' title='bbox 1031 1559 1170 1620; x_wconf 79' lang='lat' dir='ltr'>Martiali</span> <span class='ocrx_word' id='word_1_102' title='bbox 1184 1579 1255 1620; x_wconf 90' lang='lat' dir='ltr'>cum</span> 
     </span>
     <span class='ocr_line' id='line_1_14' title="bbox 208 1639 1068 1722; baseline 0.014 -26"><span class='ocrx_word' id='word_1_103' title='bbox 208 1639 306 1699; x_wconf 89' lang='lat' dir='ltr'>Plinio</span> <span class='ocrx_word' id='word_1_104' title='bbox 319 1643 476 1720; x_wconf 88' lang='lat' dir='ltr'>convenit,</span> <span class='ocrx_word' id='word_1_105' title='bbox 494 1666 549 1706; x_wconf 90' lang='lat' dir='ltr'>nec</span> <span class='ocrx_word' id='word_1_106' title='bbox 562 1645 627 1707; x_wconf 88' lang='lat' dir='ltr'>sine</span> <span class='ocrx_word' id='word_1_107' title='bbox 640 1667 731 1708; x_wconf 89' lang='lat' dir='ltr'>causa</span> <span class='ocrx_word' id='word_1_108' title='bbox 743 1647 794 1707; x_wconf 89' lang='lat' dir='ltr'>illc</span> <span class='ocrx_word' id='word_1_109' title='bbox 807 1647 925 1708; x_wconf 77' lang='lat' dir='ltr'>addidit</span> <span class='ocrx_word' id='word_1_110' title='bbox 938 1648 1068 1722; x_wconf 77' lang='lat' dir='ltr'>ibidem,</span> 
     </span>
    </p>
   </div>
   <div class='ocr_carea' id='block_1_7' title="bbox 349 1771 894 1906">
    <p class='ocr_par' dir='ltr' id='par_1_7' title="bbox 349 1771 894 1906">
     <span class='ocr_line' id='line_1_15' title="bbox 353 1771 894 1845; baseline 0.015 -26"><span class='ocrx_word' id='word_1_111' title='bbox 353 1805 627 1824; x_wconf 88' lang='grc'><strong>................</strong></span> <span class='ocrx_word' id='word_1_112' title='bbox 651 1771 894 1845; x_wconf 80' lang='lat' dir='ltr'>Siliosfrequentes</span> 
     </span>
     <span class='ocr_line' id='line_1_16' title="bbox 349 1849 826 1906; baseline 0.008 -6"><span class='ocrx_word' id='word_1_113' title='bbox 349 1849 452 1902; x_wconf 81' lang='lat' dir='ltr'>Mavult</span> <span class='ocrx_word' id='word_1_114' title='bbox 462 1852 500 1903; x_wconf 86' lang='lat' dir='ltr'>sic</span> <span class='ocrx_word' id='word_1_115' title='bbox 509 1869 652 1904; x_wconf 86' lang='lat' dir='ltr'>numerare</span> <span class='ocrx_word' id='word_1_116' title='bbox 661 1851 826 1906; x_wconf 82' lang='lat' dir='ltr'>consulatur.</span> 
     </span>
    </p>
   </div>
   <div class='ocr_carea' id='block_1_8' title="bbox 204 1961 1257 2318">
    <p class='ocr_par' dir='ltr' id='par_1_8' title="bbox 204 1961 1257 2318">
     <span class='ocr_line' id='line_1_17' title="bbox 208 1961 1256 2048; baseline 0.004 -28"><span class='ocrx_word' id='word_1_117' title='bbox 208 1961 327 2022; x_wconf 71' lang='lat' dir='ltr'>ilsaoult</span> <span class='ocrx_word' id='word_1_118' title='bbox 338 1967 392 2038; x_wconf 87' lang='lat' dir='ltr'>sic,</span> <span class='ocrx_word' id='word_1_119' title='bbox 407 1962 464 2028; x_wconf 87' lang='lat' dir='ltr'>hoc</span> <span class='ocrx_word' id='word_1_120' title='bbox 478 1980 535 2044; x_wconf 89' lang='lat' dir='ltr'>est,</span> <span class='ocrx_word' id='word_1_121' title='bbox 550 1965 656 2029; x_wconf 86' lang='lat' dir='ltr'>eodem</span> <span class='ocrx_word' id='word_1_122' title='bbox 670 1967 801 2029; x_wconf 89' lang='lat' dir='ltr'>Collesso</span> <span class='ocrx_word' id='word_1_123' title='bbox 817 1969 1001 2048; x_wconf 85' lang='lat' dir='ltr'>interprete:</span> <span class='ocrx_word' id='word_1_124' title='bbox 1019 1965 1164 2024; x_wconf 75' lang='lat' dir='ltr'>«Mavult</span> <span class='ocrx_word' id='word_1_125' title='bbox 1181 1965 1256 2025; x_wconf 87' lang='lat' dir='ltr'>duos</span> 
     </span>
     <span class='ocr_line' id='line_1_18' title="bbox 205 2049 1257 2140; baseline 0.004 -31"><span class='ocrx_word' id='word_1_126' title='bbox 205 2049 283 2111; x_wconf 87' lang='lat' dir='ltr'>filios</span> <span class='ocrx_word' id='word_1_127' title='bbox 303 2073 407 2133; x_wconf 89' lang='lat' dir='ltr'>gerere</span> <span class='ocrx_word' id='word_1_128' title='bbox 428 2057 638 2134; x_wconf 86' lang='lat' dir='ltr'>consulatum,</span> <span class='ocrx_word' id='word_1_129' title='bbox 660 2077 755 2140; x_wconf 90' lang='lat' dir='ltr'>quam</span> <span class='ocrx_word' id='word_1_130' title='bbox 778 2058 841 2138; x_wconf 88' lang='lat' dir='ltr'>ipse</span> <span class='ocrx_word' id='word_1_131' title='bbox 861 2070 909 2117; x_wconf 86' lang='lat' dir='ltr'>ter</span> <span class='ocrx_word' id='word_1_132' title='bbox 928 2076 989 2116; x_wconf 89' lang='lat' dir='ltr'>csse</span> <span class='ocrx_word' id='word_1_133' title='bbox 1008 2054 1123 2115; x_wconf 88' lang='lat' dir='ltr'>consul.</span> <span class='ocrx_word' id='word_1_134' title='bbox 1137 2079 1151 2111; x_wconf 78' lang='lat' dir='ltr'>a</span> <span class='ocrx_word' id='word_1_135' title='bbox 1175 2054 1257 2115; x_wconf 79' lang='lat' dir='ltr'>Alter</span> 
     </span>
     <span class='ocr_line' id='line_1_19' title="bbox 204 2143 1257 2228; baseline 0.002 -29"><span class='ocrx_word' id='word_1_136' title='bbox 204 2159 312 2201; x_wconf 87' lang='lat' dir='ltr'>eorum</span> <span class='ocrx_word' id='word_1_137' title='bbox 335 2143 461 2225; x_wconf 82' lang='lat' dir='ltr'>adeptus</span> <span class='ocrx_word' id='word_1_138' title='bbox 484 2159 528 2207; x_wconf 90' lang='lat' dir='ltr'>est</span> <span class='ocrx_word' id='word_1_139' title='bbox 550 2146 760 2222; x_wconf 85' lang='lat' dir='ltr'>consulatum,</span> <span class='ocrx_word' id='word_1_140' title='bbox 784 2146 900 2228; x_wconf 89' lang='lat' dir='ltr'>dequo</span> <span class='ocrx_word' id='word_1_141' title='bbox 913 2144 1064 2205; x_wconf 85' lang='lat' dir='ltr'>Martialis</span> <span class='ocrx_word' id='word_1_142' title='bbox 1082 2144 1257 2225; x_wconf 75' lang='lat' dir='ltr'>gratulatur</span> 
     </span>
     <span class='ocr_line' id='line_1_20' title="bbox 204 2229 1089 2318; baseline 0.006 -32"><span class='ocrx_word' id='word_1_143' title='bbox 204 2230 303 2310; x_wconf 84' lang='lat' dir='ltr'>patri:</span> <span class='ocrx_word' id='word_1_144' title='bbox 318 2229 357 2290; x_wconf 88' lang='lat' dir='ltr'>de</span> <span class='ocrx_word' id='word_1_145' title='bbox 369 2231 479 2310; x_wconf 85' lang='lat' dir='ltr'>altero,</span> <span class='ocrx_word' id='word_1_146' title='bbox 493 2234 632 2317; x_wconf 70' lang='lat' dir='ltr'>gaudenti</span> <span class='ocrx_word' id='word_1_147' title='bbox 645 2247 802 2318; x_wconf 86' lang='lat' dir='ltr'>supererat</span> <span class='ocrx_word' id='word_1_148' title='bbox 816 2231 913 2296; x_wconf 75' lang='lat' dir='ltr'>adhuc</span> <span class='ocrx_word' id='word_1_149' title='bbox 926 2231 1004 2316; x_wconf 85' lang='lat' dir='ltr'>quod</span> <span class='ocrx_word' id='word_1_150' title='bbox 1013 2243 1089 2314; x_wconf 86' lang='lat' dir='ltr'>optet</span> 
     </span>
    </p>
   </div>
   <div class='ocr_carea' id='block_1_9' title="bbox 347 2351 836 2430">
    <p class='ocr_par' dir='ltr' id='par_1_9' title="bbox 347 2351 836 2430">
     <span class='ocr_line' id='line_1_21' title="bbox 347 2351 836 2430; baseline 0.008 -26"><span class='ocrx_word' id='word_1_151' title='bbox 347 2351 419 2406; x_wconf 80' lang='lat' dir='ltr'>Felix</span> <span class='ocrx_word' id='word_1_152' title='bbox 429 2375 564 2430; x_wconf 84' lang='lat' dir='ltr'>purpura,</span> <span class='ocrx_word' id='word_1_153' title='bbox 574 2357 722 2430; x_wconf 81' lang='lat' dir='ltr'>tertiusque</span> <span class='ocrx_word' id='word_1_154' title='bbox 732 2356 836 2410; x_wconf 89' lang='lat' dir='ltr'>consul.</span> 
     </span>
    </p>
   </div>
   <div class='ocr_carea' id='block_1_10' title="bbox 207 2465 1263 3795">
    <p class='ocr_par' dir='ltr' id='par_1_10' title="bbox 207 2465 1263 3795">
     <span class='ocr_line' id='line_1_22' title="bbox 245 2465 1258 2542; baseline 0.004 -20"><span class='ocrx_word' id='word_1_155' title='bbox 245 2465 313 2524; x_wconf 87' lang='lat' dir='ltr'>Non</span> <span class='ocrx_word' id='word_1_156' title='bbox 334 2469 438 2526; x_wconf 84' lang='lat' dir='ltr'>statim</span> <span class='ocrx_word' id='word_1_157' title='bbox 462 2490 479 2527; x_wconf 91' lang='lat' dir='ltr'>a</span> <span class='ocrx_word' id='word_1_158' title='bbox 501 2470 664 2530; x_wconf 86' lang='lat' dir='ltr'>consulatu</span> <span class='ocrx_word' id='word_1_159' title='bbox 687 2470 720 2528; x_wconf 94' lang='lat' dir='ltr'>in</span> <span class='ocrx_word' id='word_1_160' title='bbox 742 2470 841 2528; x_wconf 88' lang='lat' dir='ltr'>otium</span> <span class='ocrx_word' id='word_1_161' title='bbox 862 2467 1034 2528; x_wconf 84' lang='lat' dir='ltr'>literarium</span> <span class='ocrx_word' id='word_1_162' title='bbox 1056 2468 1185 2542; x_wconf 87' lang='lat' dir='ltr'>secessit,</span> <span class='ocrx_word' id='word_1_163' title='bbox 1207 2468 1258 2526; x_wconf 89' lang='lat' dir='ltr'>sed</span> 
     </span>
     <span class='ocr_line' id='line_1_23' title="bbox 208 2554 1259 2636; baseline -0.002 -20"><span class='ocrx_word' id='word_1_164' title='bbox 208 2557 311 2616; x_wconf 76' lang='lat' dir='ltr'>Romae</span> <span class='ocrx_word' id='word_1_165' title='bbox 332 2554 524 2636; x_wconf 70' lang='lat' dir='ltr'>aliquamdiu</span> <span class='ocrx_word' id='word_1_166' title='bbox 544 2558 694 2630; x_wconf 76' lang='lat' dir='ltr'>substitit,</span> <span class='ocrx_word' id='word_1_167' title='bbox 715 2571 745 2616; x_wconf 88' lang='lat' dir='ltr'>et</span> <span class='ocrx_word' id='word_1_168' title='bbox 763 2561 795 2616; x_wconf 88' lang='lat' dir='ltr'>t&#39;n</span> <span class='ocrx_word' id='word_1_169' title='bbox 810 2555 919 2619; x_wconf 80' lang='lat' dir='ltr'>Vitellii</span> <span class='ocrx_word' id='word_1_170' title='bbox 932 2557 1063 2614; x_wconf 83' lang='lat' dir='ltr'>amicitia</span> <span class='ocrx_word' id='word_1_171' title='bbox 1075 2559 1220 2636; x_wconf 69' lang='grc' dir='ltr'>εαρίωιτεν</span> <span class='ocrx_word' id='word_1_172' title='bbox 1230 2575 1259 2614; x_wconf 86' lang='lat' dir='ltr'>sc</span> 
     </span>
     <span class='ocr_line' id='line_1_24' title="bbox 207 2641 1259 2727; baseline -0.003 -23"><span class='ocrx_word' id='word_1_173' title='bbox 207 2655 234 2704; x_wconf 86' lang='lat' dir='ltr'>ct</span> <span class='ocrx_word' id='word_1_174' title='bbox 248 2645 368 2704; x_wconf 85' lang='lat' dir='ltr'>comiter</span> <span class='ocrx_word' id='word_1_175' title='bbox 378 2647 477 2724; x_wconf 73' lang='lat' dir='ltr'>pessit,</span> <span class='ocrx_word' id='word_1_176' title='bbox 490 2645 573 2727; x_wconf 91' lang='lat' dir='ltr'>quod</span> <span class='ocrx_word' id='word_1_177' title='bbox 587 2644 706 2706; x_wconf 79' lang='lat' dir='ltr'>Plinius</span> <span class='ocrx_word' id='word_1_178' title='bbox 718 2644 800 2704; x_wconf 86' lang='lat' dir='ltr'>dicta</span> <span class='ocrx_word' id='word_1_179' title='bbox 813 2641 940 2725; x_wconf 87' lang='lat' dir='ltr'>epistola</span> <span class='ocrx_word' id='word_1_180' title='bbox 952 2641 1045 2701; x_wconf 80' lang='lat' dir='ltr'>refert</span> <span class='ocrx_word' id='word_1_181' title='bbox 1053 2641 1103 2722; x_wconf 88' lang='lat' dir='ltr'>(r).</span> <span class='ocrx_word' id='word_1_182' title='bbox 1115 2642 1194 2702; x_wconf 87' lang='lat' dir='ltr'>Vere</span> <span class='ocrx_word' id='word_1_183' title='bbox 1207 2663 1259 2701; x_wconf 92' lang='lat' dir='ltr'>au-</span> 
     </span>
     <span class='ocr_line' id='line_1_25' title="bbox 207 2731 1260 2817; baseline 0 -25"><span class='ocrx_word' id='word_1_184' title='bbox 207 2745 271 2792; x_wconf 86' lang='lat' dir='ltr'>tam</span> <span class='ocrx_word' id='word_1_185' title='bbox 291 2734 436 2813; x_wconf 81' lang='lat' dir='ltr'>sapienter</span> <span class='ocrx_word' id='word_1_186' title='bbox 452 2735 543 2810; x_wconf 81' lang='lat' dir='ltr'>dixit„</span> <span class='ocrx_word' id='word_1_187' title='bbox 563 2736 636 2817; x_wconf 90' lang='lat' dir='ltr'>quia</span> <span class='ocrx_word' id='word_1_188' title='bbox 659 2753 788 2794; x_wconf 80' lang='lat' dir='ltr'>summae</span> <span class='ocrx_word' id='word_1_189' title='bbox 809 2731 980 2815; x_wconf 79' lang='lat' dir='ltr'>prodendae</span> <span class='ocrx_word' id='word_1_190' title='bbox 1002 2746 1063 2804; x_wconf 89' lang='lat' dir='ltr'>est,</span> <span class='ocrx_word' id='word_1_191' title='bbox 1084 2751 1156 2812; x_wconf 86' lang='lat' dir='ltr'>curn</span> <span class='ocrx_word' id='word_1_192' title='bbox 1177 2733 1260 2792; x_wconf 84' lang='lat' dir='ltr'>malo</span> 
     </span>
     <span class='ocr_line' id='line_1_26' title="bbox 209 2821 1261 2906; baseline 0.001 -24"><span class='ocrx_word' id='word_1_193' title='bbox 209 2823 349 2905; x_wconf 90' lang='lat' dir='ltr'>principe</span> <span class='ocrx_word' id='word_1_194' title='bbox 366 2825 479 2884; x_wconf 82' lang='lat' dir='ltr'>versari</span> <span class='ocrx_word' id='word_1_195' title='bbox 495 2825 553 2899; x_wconf 88' lang='lat' dir='ltr'>ita,</span> <span class='ocrx_word' id='word_1_196' title='bbox 571 2840 607 2884; x_wconf 86' lang='lat' dir='ltr'>ut</span> <span class='ocrx_word' id='word_1_197' title='bbox 626 2845 726 2906; x_wconf 88' lang='lat' dir='ltr'>neque</span> <span class='ocrx_word' id='word_1_198' title='bbox 742 2823 793 2884; x_wconf 89' lang='lat' dir='ltr'>ille</span> <span class='ocrx_word' id='word_1_199' title='bbox 809 2821 1009 2898; x_wconf 85' lang='lat' dir='ltr'>obfendatur,</span> <span class='ocrx_word' id='word_1_200' title='bbox 1029 2841 1129 2902; x_wconf 89' lang='lat' dir='ltr'>neque</span> <span class='ocrx_word' id='word_1_201' title='bbox 1141 2821 1261 2883; x_wconf 82' lang='lat' dir='ltr'>famam</span> 
     </span>
     <span class='ocr_line' id='line_1_27' title="bbox 208 2909 1263 2992; baseline -0.002 -20"><span class='ocrx_word' id='word_1_202' title='bbox 208 2924 238 2972; x_wconf 87' lang='lat' dir='ltr'>et</span> <span class='ocrx_word' id='word_1_203' title='bbox 252 2912 470 2973; x_wconf 86' lang='lat' dir='ltr'>conscientiam</span> <span class='ocrx_word' id='word_1_204' title='bbox 484 2926 621 2974; x_wconf 89' lang='lat' dir='ltr'>nostram</span> <span class='ocrx_word' id='word_1_205' title='bbox 638 2911 796 2974; x_wconf 77' lang='lat' dir='ltr'>laedamus.</span> <span class='ocrx_word' id='word_1_206' title='bbox 815 2912 891 2970; x_wconf 86' lang='lat' dir='ltr'>Erat</span> <span class='ocrx_word' id='word_1_207' title='bbox 908 2910 992 2970; x_wconf 83' lang='lat' dir='ltr'>enim</span> <span class='ocrx_word' id='word_1_208' title='bbox 1006 2909 1145 2971; x_wconf 73' lang='lat' dir='ltr'>Vitellius</span> <span class='ocrx_word' id='word_1_209' title='bbox 1160 2914 1263 2992; x_wconf 76' lang='lat' dir='ltr'>praeci·</span> 
     </span>
     <span class='ocr_line' id='line_1_28' title="bbox 207 2997 1261 3082; baseline -0.002 -22"><span class='ocrx_word' id='word_1_210' title='bbox 207 3021 265 3082; x_wconf 86' lang='lat' dir='ltr'>pue</span> <span class='ocrx_word' id='word_1_211' title='bbox 279 2997 402 3060; x_wconf 79' lang='lat' dir='ltr'>luxurias</span> <span class='ocrx_word' id='word_1_212' title='bbox 413 3004 582 3082; x_wconf 70' lang='lat' dir='ltr'>saeuitiaeque</span> <span class='ocrx_word' id='word_1_213' title='bbox 593 2999 718 3072; x_wconf 82' lang='lat' dir='ltr'>deditus,</span> <span class='ocrx_word' id='word_1_214' title='bbox 734 3013 768 3062; x_wconf 92' lang='lat' dir='ltr'>ut</span> <span class='ocrx_word' id='word_1_215' title='bbox 781 2999 942 3062; x_wconf 79' lang='lat' dir='ltr'>Suetonius</span> <span class='ocrx_word' id='word_1_216' title='bbox 955 3017 1022 3081; x_wconf 84' lang='lat' dir='ltr'>cap.</span> <span class='ocrx_word' id='word_1_217' title='bbox 1036 3018 1111 3074; x_wconf 75' lang='lat' dir='ltr'>aur,</span> <span class='ocrx_word' id='word_1_218' title='bbox 1127 2999 1261 3072; x_wconf 89' lang='lat' dir='ltr'>notavit,</span> 
     </span>
     <span class='ocr_line' id='line_1_29' title="bbox 208 3084 1261 3170; baseline -0.002 -21"><span class='ocrx_word' id='word_1_219' title='bbox 208 3089 270 3150; x_wconf 83' lang='lat' dir='ltr'>sive</span> <span class='ocrx_word' id='word_1_220' title='bbox 283 3101 320 3148; x_wconf 92' lang='lat' dir='ltr'>ut</span> <span class='ocrx_word' id='word_1_221' title='bbox 333 3088 514 3170; x_wconf 86' lang='lat' dir='ltr'>Eutropius,</span> <span class='ocrx_word' id='word_1_222' title='bbox 529 3089 581 3150; x_wconf 91' lang='lat' dir='ltr'>lib.</span> <span class='ocrx_word' id='word_1_223' title='bbox 597 3084 707 3162; x_wconf 81' lang='lat' dir='ltr'>V11‚c.</span> <span class='ocrx_word' id='word_1_224' title='bbox 724 3089 776 3148; x_wconf 80' lang='lat'>13:</span> <span class='ocrx_word' id='word_1_225' title='bbox 799 3115 814 3146; x_wconf 80' lang='lat' dir='ltr'>a</span> <span class='ocrx_word' id='word_1_226' title='bbox 823 3089 910 3170; x_wconf 89' lang='lat' dir='ltr'>gravi</span> <span class='ocrx_word' id='word_1_227' title='bbox 923 3087 1037 3148; x_wconf 78' lang='lat' dir='ltr'>servitia</span> <span class='ocrx_word' id='word_1_228' title='bbox 1051 3087 1212 3162; x_wconf 85' lang='lat' dir='ltr'>notabilis,</span> <span class='ocrx_word' id='word_1_229' title='bbox 1232 3099 1261 3147; x_wconf 85' lang='lat' dir='ltr'>et</span> 
     </span>
     <span class='ocr_line' id='line_1_30' title="bbox 208 3174 1262 3260; baseline -0.003 -22"><span class='ocrx_word' id='word_1_230' title='bbox 208 3179 262 3259; x_wconf 88' lang='lat' dir='ltr'>qui</span> <span class='ocrx_word' id='word_1_231' title='bbox 281 3177 394 3238; x_wconf 86' lang='lat' dir='ltr'>Neroni</span> <span class='ocrx_word' id='word_1_232' title='bbox 411 3177 516 3238; x_wconf 87' lang='lat' dir='ltr'>similis</span> <span class='ocrx_word' id='word_1_233' title='bbox 533 3199 596 3238; x_wconf 87' lang='lat' dir='ltr'>esse</span> <span class='ocrx_word' id='word_1_234' title='bbox 614 3176 717 3251; x_wconf 87' lang='lat' dir='ltr'>vellet,</span> <span class='ocrx_word' id='word_1_235' title='bbox 737 3191 829 3259; x_wconf 89' lang='lat' dir='ltr'>atque</span> <span class='ocrx_word' id='word_1_236' title='bbox 846 3176 877 3236; x_wconf 93' lang='lat' dir='ltr'>id</span> <span class='ocrx_word' id='word_1_237' title='bbox 891 3197 956 3260; x_wconf 78' lang='lat' dir='ltr'>pra·</span> <span class='ocrx_word' id='word_1_238' title='bbox 970 3196 1002 3236; x_wconf 85' lang='lat' dir='ltr'>se</span> <span class='ocrx_word' id='word_1_239' title='bbox 1016 3174 1144 3236; x_wconf 73' lang='lat' dir='ltr'>ferret.»</span> <span class='ocrx_word' id='word_1_240' title='bbox 1164 3177 1262 3236; x_wconf 88' lang='lat' dir='ltr'>Caute</span> 
     </span>
     <span class='ocr_line' id='line_1_31' title="bbox 208 3263 1260 3347; baseline -0.003 -22"><span class='ocrx_word' id='word_1_241' title='bbox 208 3287 280 3347; x_wconf 90' lang='lat' dir='ltr'>ergo</span> <span class='ocrx_word' id='word_1_242' title='bbox 291 3287 365 3326; x_wconf 90' lang='lat' dir='ltr'>cnm</span> <span class='ocrx_word' id='word_1_243' title='bbox 375 3263 553 3346; x_wconf 84' lang='lat' dir='ltr'>hujusmodi</span> <span class='ocrx_word' id='word_1_244' title='bbox 568 3264 694 3326; x_wconf 89' lang='lat' dir='ltr'>homine</span> <span class='ocrx_word' id='word_1_245' title='bbox 705 3286 741 3326; x_wconf 84' lang='lat' dir='ltr'>ac</span> <span class='ocrx_word' id='word_1_246' title='bbox 754 3264 904 3346; x_wconf 77' lang='lat' dir='ltr'>singulari</span> <span class='ocrx_word' id='word_1_247' title='bbox 917 3263 1083 3346; x_wconf 88' lang='lat' dir='ltr'>prudentia</span> <span class='ocrx_word' id='word_1_248' title='bbox 1093 3263 1260 3324; x_wconf 81' lang='lat' dir='ltr'>vivendum</span> 
     </span>
     <span class='ocr_line' id='line_1_32' title="bbox 209 3347 1261 3438; baseline -0.005 -22"><span class='ocrx_word' id='word_1_249' title='bbox 209 3371 292 3417; x_wconf 86' lang='lat' dir='ltr'>erat:</span> <span class='ocrx_word' id='word_1_250' title='bbox 311 3377 471 3438; x_wconf 88' lang='lat' dir='ltr'>quumque</span> <span class='ocrx_word' id='word_1_251' title='bbox 484 3358 579 3418; x_wconf 85' lang='lat' dir='ltr'>moris</span> <span class='ocrx_word' id='word_1_252' title='bbox 597 3355 680 3437; x_wconf 89' lang='lat' dir='ltr'>apud</span> <span class='ocrx_word' id='word_1_253' title='bbox 694 3347 848 3416; x_wconf 83' lang='lat' dir='ltr'>Rornanos</span> <span class='ocrx_word' id='word_1_254' title='bbox 865 3353 974 3429; x_wconf 87' lang='lat' dir='ltr'>fuerit,</span> <span class='ocrx_word' id='word_1_255' title='bbox 989 3369 1024 3414; x_wconf 89' lang='lat' dir='ltr'>ut</span> <span class='ocrx_word' id='word_1_256' title='bbox 1036 3353 1190 3436; x_wconf 85' lang='lat' dir='ltr'>perfuncti</span> <span class='ocrx_word' id='word_1_257' title='bbox 1212 3375 1261 3413; x_wconf 90' lang='lat' dir='ltr'>ur-</span> 
     </span>
     <span class='ocr_line' id='line_1_33' title="bbox 211 3444 1262 3526; baseline -0.004 -22"><span class='ocrx_word' id='word_1_258' title='bbox 211 3447 292 3506; x_wconf 89' lang='lat' dir='ltr'>bano</span> <span class='ocrx_word' id='word_1_259' title='bbox 309 3445 505 3526; x_wconf 83' lang='lat' dir='ltr'>magistratu,</span> <span class='ocrx_word' id='word_1_260' title='bbox 523 3445 562 3504; x_wconf 88' lang='lat' dir='ltr'>ad</span> <span class='ocrx_word' id='word_1_261' title='bbox 578 3444 722 3526; x_wconf 86' lang='lat' dir='ltr'>regendas</span> <span class='ocrx_word' id='word_1_262' title='bbox 738 3445 911 3525; x_wconf 83' lang='lat' dir='ltr'>provincias</span> <span class='ocrx_word' id='word_1_263' title='bbox 927 3444 1140 3517; x_wconf 83' lang='lat' dir='ltr'>mitterentur3</span> <span class='ocrx_word' id='word_1_264' title='bbox 1158 3455 1262 3502; x_wconf 91' lang='lat' dir='ltr'>nostro</span> 
     </span>
     <span class='ocr_line' id='line_1_34' title="bbox 212 3531 1263 3616; baseline -0.004 -24"><span class='ocrx_word' id='word_1_265' title='bbox 212 3535 315 3592; x_wconf 83' lang='lat' dir='ltr'>Asiam</span> <span class='ocrx_word' id='word_1_266' title='bbox 327 3532 558 3616; x_wconf 72' lang='lat' dir='ltr'>proconsularem</span> <span class='ocrx_word' id='word_1_267' title='bbox 572 3534 727 3616; x_wconf 84' lang='lat' dir='ltr'>obtigisse,</span> <span class='ocrx_word' id='word_1_268' title='bbox 742 3534 822 3596; x_wconf 87' lang='lat' dir='ltr'>idem</span> <span class='ocrx_word' id='word_1_269' title='bbox 836 3532 953 3594; x_wconf 88' lang='lat' dir='ltr'>Plinius</span> <span class='ocrx_word' id='word_1_270' title='bbox 964 3532 994 3592; x_wconf 94' lang='lat' dir='ltr'>d.</span> <span class='ocrx_word' id='word_1_271' title='bbox 1006 3532 1026 3592; x_wconf 92' lang='lat' dir='ltr'>l.</span> <span class='ocrx_word' id='word_1_272' title='bbox 1039 3531 1203 3593; x_wconf 87' lang='lat' dir='ltr'>enarravit.</span> <span class='ocrx_word' id='word_1_273' title='bbox 1214 3532 1263 3588; x_wconf 76' lang='lat' dir='ltr'>Et·</span> 
     </span>
     <span class='ocr_line' id='line_1_35' title="bbox 212 3619 1262 3705; baseline -0.005 -24"><span class='ocrx_word' id='word_1_274' title='bbox 212 3619 427 3701; x_wconf 81' lang='lat' dir='ltr'>proconsulatu,</span> <span class='ocrx_word' id='word_1_275' title='bbox 451 3622 570 3704; x_wconf 88' lang='lat' dir='ltr'>inquit,</span> <span class='ocrx_word' id='word_1_276' title='bbox 594 3625 673 3683; x_wconf 75' lang='lat' dir='ltr'>Asiae</span> <span class='ocrx_word' id='word_1_277' title='bbox 694 3621 817 3705; x_wconf 75' lang='lat' dir='ltr'>gloriam</span> <span class='ocrx_word' id='word_1_278' title='bbox 839 3631 1039 3704; x_wconf 73' lang='lat' dir='ltr'>reportaverat.</span> <span class='ocrx_word' id='word_1_279' title='bbox 1063 3621 1174 3678; x_wconf 88' lang='lat' dir='ltr'>Honor</span> <span class='ocrx_word' id='word_1_280' title='bbox 1196 3639 1262 3677; x_wconf 88' lang='lat' dir='ltr'>am-</span> 
     </span>
     <span class='ocr_line' id='line_1_36' title="bbox 214 3708 1263 3795; baseline 0 -27"><span class='ocrx_word' id='word_1_281' title='bbox 214 3711 291 3792; x_wconf 89' lang='lat' dir='ltr'>plus,</span> <span class='ocrx_word' id='word_1_282' title='bbox 305 3713 404 3772; x_wconf 77' lang='lat' dir='ltr'>Asiam</span> <span class='ocrx_word' id='word_1_283' title='bbox 418 3733 474 3795; x_wconf 91' lang='lat' dir='ltr'>pro</span> <span class='ocrx_word' id='word_1_284' title='bbox 488 3713 613 3774; x_wconf 87' lang='lat' dir='ltr'>consule</span> <span class='ocrx_word' id='word_1_285' title='bbox 627 3733 740 3794; x_wconf 89' lang='lat' dir='ltr'>regere,</span> <span class='ocrx_word' id='word_1_286' title='bbox 753 3711 810 3772; x_wconf 90' lang='lat' dir='ltr'>hoc</span> <span class='ocrx_word' id='word_1_287' title='bbox 824 3724 877 3787; x_wconf 88' lang='lat' dir='ltr'>est,</span> <span class='ocrx_word' id='word_1_288' title='bbox 890 3711 1055 3772; x_wconf 81' lang='lat' dir='ltr'>Attalicum</span> <span class='ocrx_word' id='word_1_289' title='bbox 1067 3729 1198 3792; x_wconf 88' lang='lat' dir='ltr'>regnum</span> <span class='ocrx_word' id='word_1_290' title='bbox 1213 3708 1263 3768; x_wconf 89' lang='lat' dir='ltr'>ad-</span> 
     </span>
    </p>
   </div>
   <div class='ocr_carea' id='block_1_11' title="bbox 214 3913 1265 4230">
    <p class='ocr_par' dir='ltr' id='par_1_11' title="bbox 214 3913 1265 4230">
     <span class='ocr_line' id='line_1_37' title="bbox 251 3913 1265 3994; baseline -0.028 0"><span class='ocrx_word' id='word_1_291' title='bbox 251 3915 290 3986; x_wconf 82' lang='lat'>(¹)</span> <span class='ocrx_word' id='word_1_292' title='bbox 303 3917 411 3970; x_wconf 70' lang='lat' dir='ltr'>T⁸⁰l²¹¹⁸</span> <span class='ocrx_word' id='word_1_293' title='bbox 425 3920 489 3972; x_wconf 59' lang='lat' dir='ltr'>ffifl·</span> <span class='ocrx_word' id='word_1_294' title='bbox 505 3922 555 3986; x_wconf 64' lang='grc' dir='ltr'>ΠΙ,</span> <span class='ocrx_word' id='word_1_295' title='bbox 569 3919 603 3974; x_wconf 75' lang='grc'>65</span> <span class='ocrx_word' id='word_1_296' title='bbox 617 3942 623 3971; x_wconf 81' lang='lat'><em>²</em></span> <span class='ocrx_word' id='word_1_297' title='bbox 642 3919 715 3972; x_wconf 59' lang='grc' dir='ltr'>*ὅθ-</span> <span class='ocrx_word' id='word_1_298' title='bbox 759 3917 1127 3994; x_wconf 82' lang='lat' dir='ltr'>pcpigere.Verbavocesque</span> <span class='ocrx_word' id='word_1_299' title='bbox 1136 3913 1204 3966; x_wconf 84' lang='lat' dir='ltr'>duos</span> <span class='ocrx_word' id='word_1_300' title='bbox 1214 3927 1265 3966; x_wconf 86' lang='lat' dir='ltr'>tes·</span> 
     </span>
     <span class='ocr_line' id='line_1_38' title="bbox 216 3995 1265 4070; baseline -0.021 -4"><span class='ocrx_word' id='word_1_301' title='bbox 216 4015 265 4066; x_wconf 84' lang='lat' dir='ltr'>pe,</span> <span class='ocrx_word' id='word_1_302' title='bbox 280 3995 378 4068; x_wconf 56' lang='lat' dir='ltr'>‘&#39;Mul‘’</span> <span class='ocrx_word' id='word_1_303' title='bbox 393 3996 465 4049; x_wconf 64' lang='lat' dir='ltr'>dmi</span> <span class='ocrx_word' id='word_1_304' title='bbox 482 4001 617 4070; x_wconf 79' lang='lat' dir='ltr'>congressi</span> <span class='ocrx_word' id='word_1_305' title='bbox 633 3999 713 4070; x_wconf 78' lang='lat' dir='ltr'>(ru-</span> <span class='ocrx_word' id='word_1_306' title='bbox 760 4015 800 4054; x_wconf 86' lang='lat' dir='ltr'>res</span> <span class='ocrx_word' id='word_1_307' title='bbox 813 4000 964 4067; x_wconf 79' lang='lat' dir='ltr'>habebant,</span> <span class='ocrx_word' id='word_1_308' title='bbox 975 3997 1117 4053; x_wconf 82' lang='lat' dir='ltr'>Claudium</span> <span class='ocrx_word' id='word_1_309' title='bbox 1127 3996 1226 4045; x_wconf 78' lang='lat' dir='ltr'>Rufum</span> <span class='ocrx_word' id='word_1_310' title='bbox 1237 4007 1265 4044; x_wconf 79' lang='lat' dir='ltr'>et</span> 
     </span>
     <span class='ocr_line' id='line_1_39' title="bbox 216 4069 1262 4151; baseline -0.008 -24"><span class='ocrx_word' id='word_1_311' title='bbox 216 4079 273 4128; x_wconf 85' lang='lat' dir='ltr'>vius</span> <span class='ocrx_word' id='word_1_312' title='bbox 285 4075 396 4128; x_wconf 82' lang='lat' dir='ltr'>Sabinus</span> <span class='ocrx_word' id='word_1_313' title='bbox 408 4079 715 4151; x_wconf 85' lang='lat' dir='ltr'>acVitellius),pottre-</span> <span class='ocrx_word' id='word_1_314' title='bbox 758 4079 851 4134; x_wconf 79' lang='lat' dir='ltr'>Silium</span> <span class='ocrx_word' id='word_1_315' title='bbox 870 4079 1020 4132; x_wconf 77' lang='lat' dir='ltr'>italicum.»</span> <span class='ocrx_word' id='word_1_316' title='bbox 1038 4078 1067 4128; x_wconf 87' lang='lat' dir='ltr'>ln</span> <span class='ocrx_word' id='word_1_317' title='bbox 1089 4085 1182 4124; x_wconf 87' lang='lat' dir='ltr'>nostra</span> <span class='ocrx_word' id='word_1_318' title='bbox 1199 4069 1262 4120; x_wconf 86' lang='lat' dir='ltr'>edit.</span> 
     </span>
     <span class='ocr_line' id='line_1_40' title="bbox 214 4150 1221 4230; baseline -0.011 -23"><span class='ocrx_word' id='word_1_319' title='bbox 214 4158 297 4208; x_wconf 79' lang='lat' dir='ltr'>moin</span> <span class='ocrx_word' id='word_1_320' title='bbox 307 4154 362 4209; x_wconf 84' lang='lat' dir='ltr'>tede</span> <span class='ocrx_word' id='word_1_321' title='bbox 371 4157 517 4230; x_wconf 76' lang='lat' dir='ltr'>Apollinis,</span> <span class='ocrx_word' id='word_1_322' title='bbox 528 4173 557 4212; x_wconf 84' lang='lat' dir='ltr'>ut</span> <span class='ocrx_word' id='word_1_323' title='bbox 566 4159 638 4212; x_wconf 75' lang='lat' dir='ltr'>lanta</span> <span class='ocrx_word' id='word_1_324' title='bbox 649 4161 714 4226; x_wconf 83' lang='lat' dir='ltr'>luit,</span> <span class='ocrx_word' id='word_1_325' title='bbox 762 4159 904 4214; x_wconf 73' lang='lat' dir='ltr'>maluimus</span> <span class='ocrx_word' id='word_1_326' title='bbox 919 4157 1041 4212; x_wconf 73' lang='lat' dir='ltr'>Cluvium</span> <span class='ocrx_word' id='word_1_327' title='bbox 1053 4154 1162 4204; x_wconf 76' lang='lat' dir='ltr'>Rufum.</span> <span class='ocrx_word' id='word_1_328' title='bbox 1175 4150 1221 4200; x_wconf 83' lang='lat' dir='ltr'>En.</span> 
     </span>
    </p>
   </div>
   <div class='ocr_carea' id='block_1_12' title="bbox 0 0 1488 4644">
    <p class='ocr_par' dir='ltr' id='par_1_12' title="bbox 0 0 1488 4644">
     <span class='ocr_line' id='line_1_41' title="bbox 0 0 1488 4644; baseline 0 0"><span class='ocrx_word' id='word_1_329' title='bbox 0 0 1488 4644; x_wconf 95' lang='lat' dir='ltr'> </span> 
     </span>
    </p>
   </div>
  </div>
 </body>
</html>
