2930 4644
248 357 312 436 iao
580 349 959 420 COMMEN'PATIO

245 510 372 580 ptomm
391 501 611 574 poetarumque
628 511 758 552 numero
774 505 847 552 ante
864 493 1026 554 Maronem
1045 494 1186 576 expositis
1198 512 1307 552 orna·

244 587 343 664 tisqne
355 577 594 654 numerandam,
607 592 635 638 et
652 599 686 638 ex
701 578 738 637 iis
753 576 893 638 haustam
907 579 988 640 esse?
1001 580 1113 640 Nonne
1123 579 1212 640 multi
1222 579 1305 662 jam

243 669 360 732 bellium
374 679 518 750 septenne
531 678 560 726 et
573 663 739 726 tricennale
753 667 823 726 satis
837 667 1005 748 eleganter,
1024 669 1181 750 perspicue
1197 680 1305 748 atque

244 769 383 820 accumte
442 755 552 814 rsecmi
573 766 662 828 sunt,
685 767 715 813 et
737 774 836 836 nuper
854 769 958 816 tamen
977 753 1137 832 historias,
1156 775 1233 837 quas
1261 753 1305 813 dc

243 775 441 907 Amiterni}
451 851 481 900 et
491 837 629 915 Sehiller,
645 841 711 901 Viri
722 835 870 914 illustres,
882 844 1081 923 scripserunt,
1093 862 1206 923 magna
1217 861 1303 900 cum

244 935 399 1015 voluptate
412 927 561 1011 legimus?
577 928 729 1010 Equidem
742 928 847 990 nullus
859 930 982 1006 dubito,
996 933 1021 991 si
1035 933 1105 1012 quis
1120 933 1303 991 etiamnum

242 1023 348 1086 eadem
362 1019 440 1082 bella
455 1020 582 1099 ingenio
597 1019 715 1101 poetico
725 1018 906 1102 judicioque
919 1021 997 1082 bene
1011 1021 1139 1081 subacto
1156 1019 1304 1080 versibus

241 1109 420 1196 exponenda
431 1109 607 1189 susciperet,
621 1108 698 1188 quin
709 1105 800 1168 multi
814 1129 912 1170 unum
925 1109 1076 1192 ejusmodi
1088 1127 1210 1169 carmen
1223 1129 1301 1167 ma·

240 1224 305 1287 gno
318 1219 447 1262 numero
459 1197 593 1272 fetuum,
606 1217 685 1278 quos
696 1195 837 1258 hodierni
849 1198 1066 1259 versificatores
1077 1209 1300 1281 procrmrnnt,

242 1313 362 1353 mecum
383 1287 576 1348 redimerent
597 1285 654 1346 Sed
675 1283 842 1348 difficultas
863 1286 953 1369 hujus
976 1289 1035 1363 rei,
1054 1309 1151 1370 quam
1170 1285 1300 1368 aliquot

239 1379 352 1441 abhinc
373 1377 461 1436 annis
479 1374 628 1455 aliquem,
647 1372 734 1455 cujus
754 1395 870 1434 nomen
889 1376 1048 1436 exanimo
1066 1395 1135 1436 meo
1154 1372 1297 1450 effluxit,

238 1465 323 1542 haud
336 1462 498 1524 infeliciter
509 1460 634 1542 adgredi
646 1461 790 1537 memini,
808 1459 910 1522 adhuc
924 1475 1029 1544 poetas
1039 1473 1157 1523 nostros
1169 1461 1208 1520 ab
1223 1447 1302 1542 ejus

238 1555 326 1618 modi
343 1567 455 1614 conatu
478 1551 651 1612 absterruit.
674 1551 924 1612 Praestantissima
946 1565 1054 1612 contra
1076 1553 1295 1612 Romanorum

238 1643 364 1725 ingania
377 1641 417 1700 ab
431 1639 518 1700 omni
531 1651 667 1720 tempore
683 1659 713 1698 se
728 1651 928 1699 exercuerunt
944 1638 977 1698 in
993 1638 1162 1700 scribendis
1176 1639 1293 1697 carmi-

238 1735 331 1795 nibus
345 1729 511 1790 historicis:
531 1749 601 1810 quae
620 1730 646 1788 ei
664 1741 728 1788 tam
748 1749 859 1811 parum
877 1727 986 1790 idonea
1005 1742 1103 1789 essent
1114 1727 1156 1788 ad
1172 1743 1292 1788 mentes

237 1820 442 1882 admiratione
455 1816 600 1876 non'sine
615 1815 773 1898 voluptate
785 1815 949 1892 tenendas,
964 1814 1094 1876 ridicula
1107 1815 1248 1897 profecto
1259 1829 1292 1876 et

237 1905 340 1967 inanis
360 1903 486 1963 illorum
510 1921 603 1984 opera
622 1901 735 1963 fusce
759 1904 879 1963 Horum
902 1915 1061 1985 poetarum
1083 1923 1182 1984 quum
1204 1901 1289 1962 nulli

237 1992 314 2071 fere,
327 2006 437 2076 praeter
450 1990 559 2057 Silium
570 2003 600 2052 et
612 1993 790 2067 Lucanum,
802 2013 859 2074 pro
871 1991 975 2054 dolor!
994 1993 1106 2073 integri
1119 1994 1289 2075 supersint,

237 2105 337 2166 neque
348 2083 388 2141 iis
404 2079 516 2142 similes
529 2093 634 2141 nostra
648 2093 721 2143 aetas
732 2083 856 2158 tulerit;
870 2103 935 2144 non
947 2082 1056 2143 melius
1067 2103 1173 2143 eorum
1186 2081 1288 2164 digni·

238 2189 284 2236 tas
302 2172 445 2234 testimari
467 2182 580 2252 potest,
599 2189 694 2250 quam
712 2173 737 2232 si
755 2193 944 2255 queramus,
961 2172 1036 2254 quid
1054 2173 1184 2234 Romani
1198 2170 1240 2232 de
1254 2173 1290 2232 iis

234 2262 453 2349 judicaverint,
469 2260 607 2341 quidque
624 2259 683 2322 illis
697 2263 859 2323 statuerint
876 2262 978 2345 pretii.
990 2264 1089 2344 Atque
1100 2260 1163 2343 ejus
1177 2263 1219 2322 rei
1233 2260 1289 2322 do·

238 2363 418 2416 numentum
430 2349 501 2410 satis
515 2349 637 2430 insigne
647 2347 797 2412 hahemus
809 2352 842 2412 in
854 2351 970 2428 Ennio,
984 2353 1038 2434 qui
1051 2352 1168 2434 primus
1180 2372 1288 2413 aarum

238 2442 430 2506 hexametros
447 2441 551 2500 vers'us
569 2440 754 2522 composuit
770 2441 799 2500 ls
817 2461 1007 2523 quamquam
1023 2453 1199 2522 temporum
1211 2441 1288 2502 vitio

240 2534 346 2595 durior
365 2542 443 2605 erat,
464 2542 494 2589 et
515 2527 613 2589 multa
633 2529 839 2590 obcurrebant
858 2530 892 2589 in
912 2527 977 2612 ejus
996 2529 1201 2606 carminibus,
1219 2551 1289 2612 quae

217 2687 220 2694 ,
240 2621 384 2704 Augustei
397 2617 489 2680 seculi
503 2617 602 2678 cultus
616 2618 805 2699 etelegantia
823 2639 868 2678 res
891 2617 997 2694 nebat,
1015 2633 1118 2680 tamen
1137 2617 1214 2680 alter
1226 2623 1287 2682 Ho-

241 2727 335 2772 merus
345 2709 471 2768 Horatio
482 2704 609 2782 dicitur,
623 2719 653 2766 et
668 2726 686 2766 a
704 2705 849 2766 Cicerone
866 2639 993 2788 dliisque
1012 2707 1123 2788 passim
1140 2705 1292 2790 amplissi-

242 2801 300 2859 mis
322 2796 421 2856 verbis
442 2806 579 2854 ornatur.
602 2793 737 2875 Reliquis
760 2793 824 2876 ejus
847 2795 965 2877 scriptis
988 2793 1082 2875 longe
1104 2795 1290 2876 prestabant

243 2888 342 2950 XV'lll
362 2885 435 2946 libri
453 2885 621 2945 Annalium
636 2885 852 2943 Romanorum
865 2883 919 2966 qui
935 2882 974 2944 ad
993 2882 1145 2966 populum
1160 2883 1193 2944 in
1207 2881 1289 2946 thm-

244 2977 355 3056 tro(1),
372 2985 402 3035 et
417 2973 537 3054 Virgilii
554 2971 655 3035 adhuc
673 2973 861 3056 temporibus
876 2987 942 3032 tam
961 2974 1072 3056 cupide
1089 2973 1129 3034 ab
1147 2976 1290 3038 omnibus

243 3065 439 3148 legebantur,
454 3075 489 3121 ut
505 3061 662 3123 AEneidem
678 3063 713 3124 iis
729 3059 957 3124 anteferendam
970 3083 1032 3124 esse
1045 3065 1094 3124 vix
1108 3065 1141 3126 in
1152 3077 1288 3130 mentem

245 3153 362 3215 veniret
376 3149 520 3230 cuiquam
532 3152 583 3230 (a).
1267 3195 1272 3204 .

286 3243 363 3318 Quae
375 3257 473 3320 quum
485 3239 526 3298 ita
541 3241 615 3314 sint,
631 3260 686 3300 cur
696 3241 769 3304 Silio
785 3242 816 3304 id
827 3241 950 3304 crimini
961 3253 1129 3317 vertamus,
1147 3241 1230 3324 quod
1245 3263 1290 3303 se·
1418 3281 1419 3284 =

247 3343 334 3393 cutus
348 3327 386 3386 sit
398 3324 534 3407 exempla
547 3345 656 3388 eorum
670 3343 844 3409 poetarum,
863 3350 996 3412 quorum
1012 3327 1143 3390 lectione
1161 3327 1291 3412 popula·

249 3441 294 3486 res
306 3420 374 3479 suos
385 3427 543 3497 tantopere
554 3413 695 3476 delectari
706 3418 840 3480 videret?
857 3421 967 3480 Nonne
985 3420 1084 3501 potius
1095 3439 1165 3480 cum
1174 3418 1291 3501 judicio

248 3513 342 3596 egisse
353 3505 520 3568 censendus
532 3519 589 3580 est,
606 3525 703 3587 quum
722 3523 794 3568 setas
812 3531 866 3570 sua
884 3508 1031 3570 incideret
1045 3509 1080 3568 in
1090 3529 1124 3568 ea
1136 3521 1292 3592 tempora,

249 3603 362 3688 quibus
373 3599 552 3660 Groecorum
564 3598 837 3681 Romanorumque
848 3613 943 3684 poetae
955 3598 1061 3660 omnia
1073 3597 1148 3675 fere,
1163 3619 1232 3680 quae
1243 3600 1292 3663 vel

249 3693 340 3777 epicis
358 3688 560 3764 carminibus,
578 3687 624 3749 vel
643 3687 798 3770 tragoediis
815 3689 1032 3771 comoediisque
1048 3689 1205 3749 materiam
1222 3691 1292 3751 satis

249 3782 377 3861 dignam
391 3775 536 3859 subjicere
550 3789 704 3859 poterant,
717 3798 746 3838 v.
758 3799 783 3838 c.
795 3776 962 3861 Troianum
973 3774 1215 3858 Thebanumque
1228 3773 1293 3837 bel·
1411 3833 1412 3836 ,

251 3869 332 3943 him,
353 3886 472 3950 pugnas
491 3867 659 3948 Gigantum
677 3865 725 3925 vel
743 3867 903 3942 Titanum,
922 3868 981 3935 τοὺς
999 3870 1127 3942 Nicaeae,
1148 3885 1254 3948 resque
1272 3887 1291 3926 a

287 4049 589 4118 (exinanimus.

171 4149 177 4164 ‚
288 4127 328 4196 (a)
338 4127 415 4180 cont.
432 4123 545 4178 turea.
557 4127 589 4189 V,
605 4143 649 4195 ro,
664 4140 690 4182 et
702 4129 801 4184 vitruv,
816 4131 865 4202 lx,
878 4133 902 4186 3.
