2872 4644
239 357 303 447 490
657 359 872 428 auscurr

275 497 487 582 Adceptusque
497 498 592 561 domo
604 511 757 562 recreatur
769 521 902 584 paupere
913 521 1035 578 mensa,

275 587 445 671 lnfusoque
457 591 530 652 sinit
541 592 666 652 tractari
678 591 806 652 vulnera
818 613 915 652 succo.

276 676 371 738 Discit
381 690 411 738 et
423 678 495 739 inde
507 678 595 740 Maro
607 679 682 740 clari
695 692 843 740 narrante
854 681 988 762 parentis

275 767 380 844 Facta,
392 769 443 829 aed
455 781 485 829 et
497 789 637 852 poenam,
649 791 713 851 qua
725 769 815 830 illum
826 769 981 852 Carthago
994 774 1147 853 peremit,

276 852 325 912 Ob
337 869 475 918 sanctam
486 879 553 918 non
566 878 653 939 arque
666 856 773 934 fidem,
786 859 868 941 rapit
880 880 953 920 aure
965 859 1094 920 dolenti.

276 941 315 1001 At
325 943 458 1005 Fabium
471 945 574 1006 Patres
588 944 691 1006 adlata
703 945 744 1006 ad
756 967 887 1008 munera
897 946 972 1007 belli

232 1071 234 1076 ,
274 1028 369 1090 Clade
381 1032 505 1114 legunt:
519 1031 615 1094 hostis
628 1047 731 1116 raptas
743 1035 807 1116 agit
818 1034 958 1117 undique
970 1035 1110 1119 praedas,

276 1123 383 1183 Donec
395 1145 467 1186 eum
479 1125 631 1207 inlecebra
645 1125 749 1188 mollit
759 1126 920 1210 Campana
931 1126 1096 1188 furentem.

665 1327 768 1369 LIBM
791 1327 857 1368 VH·

316 1475 437 1539 Electus
450 1478 552 1540 dubiis
564 1479 697 1541 dictator
709 1494 740 1540 et
751 1501 866 1542 ancora
877 1481 983 1556 rebus,

275 1563 347 1624 Non
358 1565 457 1628 facilis
470 1569 554 1630 vinci
566 1571 679 1630 Fabius
691 1570 804 1630 virtute
815 1591 872 1632 nec
885 1581 961 1632 astu.

276 1655 351 1714 Mox
363 1657 485 1741 Superis
496 1662 604 1720 Romae
615 1679 670 1742 per
679 1659 797 1743 templa
809 1660 919 1722 indicit
931 1658 1082 1730 honorem

275 1742 403 1805 AEdibus
415 1758 446 1806 et
457 1748 536 1807 votis
548 1749 664 1810 Divum
677 1749 736 1810 sibi
747 1750 872 1831 mitigat
884 1750 973 1810 iram.

274 1833 354 1892 Exin
366 1834 528 1897 Sidonium
541 1853 649 1900 cautus
661 1837 823 1900 contendit
834 1837 874 1898 ad
886 1835 1023 1911 hostem,

274 1923 346 1982 Non
358 1929 577 1990 commissurus
590 1951 744 2011 pugnam,
757 1929 816 1990 nisi
828 1929 926 1990 Marte
937 1939 1053 1989 coacto.

274 2011 376 2088 Quem
388 2036 487 2096 quum
500 2039 565 2078 non
579 2032 647 2080 astu
659 2019 767 2094 solito,
779 2033 894 2078 terrore
906 2038 962 2077 nec
973 2017 1040 2077 ullo

272 2100 434 2162 Hannibal
447 2105 581 2180 eliceret,
594 2107 700 2166 Dauni
712 2106 821 2165 tellure
833 2105 953 2180 relicta,

274 2189 439 2252 Clauditur
451 2195 484 2252 in
497 2191 626 2253 tumulis
638 2214 656 2253 a
668 2193 818 2253 dictatore
829 2193 977 2253 Falernis.

274 2281 354 2340 Hinc
367 2282 474 2364 patriis
487 2281 526 2342 ad
539 2303 624 2344 sacra
636 2284 708 2344 Deis
720 2281 897 2365 peragenda
909 2281 1064 2365 profectus

273 2369 448 2453 Praeposuit
459 2373 563 2432 castris
576 2372 718 2454 equitum
730 2372 769 2432 de
781 2393 868 2433 more
879 2373 1079 2453 magistrum:

273 2459 330 2521 Sed
342 2462 473 2522 vetitum
485 2461 626 2522 conferre
638 2482 760 2522 manus.
773 2461 872 2521 Fabio
885 2475 990 2521 tamen
1003 2459 1053 2520 ille

275 2550 408 2612 Absente
420 2554 453 2612 in
466 2573 604 2634 pugnam
618 2553 696 2627 ruit,
707 2563 910 2634 aequaturque
921 2551 1049 2612 vetanti.

273 2642 423 2725 Moxque,
436 2664 550 2704 errasse
561 2644 684 2727 pigens,
697 2642 744 2702 illi
753 2641 804 2726 jus
817 2663 911 2704 omne
922 2641 1048 2703 remisit.

655 2839 758 2881 uum
780 2838 865 2880 vul.

314 2990 375 3049 Hie
381 2989 447 3072 jam
460 2991 576 3063 Varro,
588 2987 705 3070 loquax
716 2986 818 3048 medio
830 2987 864 3044 in
876 2980 1054 3044 discrimine
1066 2997 1188 3053 certam,

276 3077 393 3138 Consul
406 3079 562 3138 Romanas
575 3077 672 3160 capit,
685 3076 869 3157 indignante
881 3073 1009 3144 Senatu,

274 3165 395 3224 lusanae
407 3163 506 3246 plebis
518 3166 681 3245 stulteque
693 3164 799 3226 favore
811 3181 930 3224 secures

274 3254 355 3312 Cum
368 3253 467 3315 Paulo
479 3254 613 3316 AEmilio.
628 3256 763 3315 Noscens
775 3272 859 3313 nova
870 3249 1000 3310 vulnera
1012 3245 1114 3316 luno,

275 3342 404 3403 Praescia
416 3344 614 3421 Cannarum,
627 3345 744 3426 stagnis
757 3339 965 3405 Laurentibus
977 3337 1103 3396 Annam

274 3429 476 3515 Adloquitur,
489 3434 624 3494 Poenum
635 3447 672 3493 ut
679 3430 789 3512 jubeat
800 3451 886 3491 nunc
898 3424 1022 3490 tendere
1035 3439 1154 3502 regem,

274 3519 417 3601 Explicat
429 3537 547 3582 arentes
559 3522 614 3582 ubi
627 3518 745 3579 fervida
758 3518 871 3601 Apulia
882 3533 1025 3595 campos,

275 3609 412 3693 Fataque
424 3613 610 3695 promittant
621 3607 666 3667 ibi
678 3609 877 3692 prosperiora
889 3603 1028 3687 peractis.

276 3697 367 3758 Anna
380 3699 486 3760 audita
500 3698 585 3772 iacit,
598 3709 698 3777 grates
710 3696 775 3777 agit
787 3690 949 3754 Hannibal
960 3693 1073 3765 Annae,

276 3783 316 3841 Et
327 3800 431 3846 movet
443 3788 477 3845 in
489 3805 615 3866 campos
627 3783 787 3844 Diomedis
798 3782 929 3842 nomine
941 3777 1048 3838 dictos.

276 3873 359 3935 Hine
371 3889 438 3937 toto
451 3897 467 3935 e
479 3877 569 3936 Latio
582 3872 727 3935 funebria
739 3872 827 3934 miles
840 3873 874 3931 in
886 3889 974 3932 arma

277 3963 407 4046 Cogitur
418 3988 424 4024 :
439 3978 471 4024 at
482 3963 602 4046 liquido
613 3964 706 4024 variis
718 3962 884 4045 prodentia
895 3955 1043 4020 monstris
1129 4035 1135 4046 Ι

278 4053 415 4112 Numina
427 4053 562 4112 vicinam
574 4054 695 4114 cladem
707 4051 882 4124 ostendere,
894 4047 947 4108 sed
960 4063 1064 4107 amens

278 4127 433 4220 Prodigiis
445 4144 545 4204 Varro
559 4144 666 4225 spretis
679 4163 741 4204 sese
753 4138 861 4217 objicit
871 4137 963 4198 hosti.
