2930 4644
266 347 330 428 426
597 345 977 411 coornnnrnrto

261 509 325 550 non
346 501 409 548 tam
428 492 532 552 rerunt
551 501 705 570 gestarum
726 509 845 562 causas,
864 487 1005 548 ordinem
1023 501 1053 548 et
1071 510 1183 549 nexum
1205 503 1328 562 curat,

259 575 305 634 vel
319 575 510 656 religionem,
523 581 665 658 ἀκρὶὅιιαν,
678 577 936 658 perspicuitatem,
950 576 1143 660 reliquasque
1154 578 1327 659 scriptoris

260 660 564 747 historici,·inprimis
584 665 778 747 pragmatici,
795 666 923 725 virtutes
936 677 1082 737 sectatur,
1094 686 1190 746 quam
1206 664 1235 722 id
1252 686 1322 746 po·

259 751 319 811 tius
337 753 413 832 agit,
433 767 468 813 ut
486 776 588 815 veram
607 769 731 815 exornet
751 753 927 828 historiam,
946 769 976 815 et
995 755 1140 816 omnibus
1160 755 1321 814 sermonis

262 840 368 919 poetici
380 840 514 902 artificiis
527 865 561 902 ac
575 841 745 903 luminibus
758 862 870 902 novam
884 842 1056 902 narrationi
1067 845 1247 902 suavitatem
1260 841 1322 900 ad-

260 941 389 1008 spergat.
411 930 502 1008 Quod
522 931 585 990 Silii
605 930 770 991 consilium
788 933 841 1013 qui
861 931 1052 1012 vituperant,
1071 951 1136 991 non
1155 943 1322 1012 reputasse

261 1014 418 1092 videntur,
437 1039 532 1099 quam
551 1019 704 1078 obsonum
729 1020 767 1078 sit
785 1031 814 1079 et
829 1018 972 1101 jejunum
994 1018 1146 1101 ejusmodi
1169 1037 1319 1091 carmen,

260 1105 342 1185 quod
362 1121 470 1168 notam
488 1110 750 1189 recentiorumque
768 1107 926 1169 historiam
946 1109 1070 1169 incultis
1089 1130 1144 1169 nec
1162 1109 1226 1167 nlla
1244 1121 1320 1166 arte

260 1193 408 1284 distinctis
421 1199 554 1258 versibus
566 1213 711 1280 exponat,
725 1212 940 1280 quantumque
950 1197 1034 1258 taedii
1049 1199 1149 1280 pariat
1161 1197 1319 1258 continua

260 1285 435 1364 praeliorum
456 1288 599 1348 narratio.
620 1289 725 1368 Neque
743 1289 813 1350 satis
833 1290 1000 1371 respiciunt
1017 1288 1193 1360 materiam,
1214 1305 1318 1367 quam

261 1387 351 1454 poeta
362 1375 418 1436 sibi
430 1376 553 1459 delegit3
567 1380 682 1460 quippe
694 1401 763 1460 quae
774 1379 895 1460 copiosa
906 1393 967 1453 est,
981 1399 1037 1438 nec
1048 1379 1155 1458 ignota
1165 1397 1199 1435 ac
1212 1374 1317 1449 rudis,

261 1461 311 1521 sed
328 1463 367 1522 ab
380 1464 447 1554 aliis
457 1467 523 1548 jam
538 1487 695 1540 sermone,
710 1463 779 1526 tam'
790 1467 910 1548 poetico
925 1487 1020 1545 quam
1034 1465 1181 1547 pedestri,
1200 1475 1316 1522 tracta·

261 1567 305 1626 ta,
325 1569 354 1612 et
371 1553 408 1614 ad
429 1555 506 1636 epici
525 1576 649 1637 quoque
668 1555 812 1615 carminis
831 1555 966 1616 indolem
985 1555 1104 1635 egregie
1122 1565 1316 1634 comparata.

262 1643 358 1704 Omni
377 1645 417 1706 sic
438 1647 624 1706 inventionis
639 1646 729 1707 laude
742 1646 800 1728 ipsi
820 1647 955 1728 precisa,
970 1646 1045 1727 quid
1060 1643 1143 1704 aliud
1160 1643 1316 1723 relinque·

262 1731 366 1806 batur,
385 1755 479 1814 quam
499 1747 533 1794 ut
551 1733 589 1794 ad
609 1749 705 1794 artem
725 1749 755 1794 et
773 1733 920 1794 docuinae
940 1733 1136 1814 lectionisque
1154 1730 1261 1790 multae
1278 1751 1315 1789 ac

261 1822 353 1882 vnriae
367 1823 506 1904 praesidia
521 1823 722 1906 confugeret?
735 1825 774 1884 Et
785 1845 824 1884 ne
836 1824 920 1884 nuda
932 1821 1067 1884 historiae
1081 1821 1219 1882 versibus
1229 1841 1314 1880 com·

263 1908 418 1990 prehensoe
435 1917 615 1974 narratione
633 1911 791 1974 festidium
808 1913 981 1994 legentibus
1000 1925 1147 1986 moveret,
1169 1931 1231 1992 qna
1252 1909 1314 1970 alia

263 1999 382 2060 ratione
395 2021 500 2061 cavere
514 2015 647 2084 poterat,
665 2023 761 2083 quarn
779 2017 814 2061 ut
830 2001 901 2062 ficta
916 2002 1008 2076 veris,
1026 2002 1132 2082 ignota
1146 1999 1241 2072 notis,
1261 2019 1313 2058 ve·

261 2102 324 2147 tera
338 2103 367 2148 ct
386 2091 482 2172 prisca
502 2092 736 2166 recentioribus,
757 2092 835 2152 mira
852 2091 1032 2172 vulgaribus
1053 2089 1241 2163 adnecteret,
1259 2109 1313 2147 va·

262 2177 375 2258 riisque
389 2199 492 2240 rerum
506 2192 536 2243 et
548 2180 714 2240 verborum
730 2181 887 2262 praestigiis
901 2181 1042 2239 animum
1057 2179 1179 2239 lectoris
1197 2179 1240 2237 ita
1257 2175 1313 2236 de·

262 2263 366 2324 liniret
383 2281 474 2348 atque
494 2267 659 2342 inluderet,
679 2281 713 2328 ut
728 2269 794 2351 jam
811 2289 890 2328 nova
907 2280 936 2327 et
951 2267 1090 2328 inaudita
1106 2266 1205 2348 legere
1221 2278 1252 2324 et
1264 2285 1314 2324 eo-

262 2351 404 2436 gnoscere
425 2356 480 2416 sibi
503 2355 674 2418 videretur?
695 2359 741 2417 An
765 2356 930 2438 sapientius
954 2353 1058 2416 fecisse
1078 2351 1247 2415 censendus
1270 2366 1314 2412 est

265 2447 421 2520 Lucanus,
432 2447 486 2526 qui
500 2469 556 2529 pro
562 2445 849 2508 machinationibus
858 2445 989 2506 deorum
1001 2443 1128 2526 aliisque
1140 2443 1232 2525 epicae
1243 2461 1314 2523 poe-

264 2555 330 2594 seos
350 2533 486 2598 artificiis
505 2535 720 2596 declamatoria
741 2535 884 2596 acumina
911 2533 1082 2616 longasque
1102 2533 1139 2594 de
1162 2531 1243 2590 vitiis
1260 2540 1314 2588 aut

264 2623 430 2685 virtutibus
444 2623 666 2706 disputationes
677 2622 853 2684 substituit?
864 2623 965 2698 Quem
981 2623 1003 2683 si
1018 2622 1087 2703 quis
1101 2633 1204 2682 nostro
1220 2631 1314 2699 poete

266 2711 500 2774 anteferendum
514 2713 637 2786 dixerit,
659 2712 783 2774 fruatur
792 2713 910 2795 judicio
927 2732 1000 2772 sno:
1023 2732 1080 2772 nos
1098 2708 1196 2770 multo
1218 2707 1313 2786 magis

266 2799 453 2862 delectamur
467 2801 594 2864 lectione
607 2801 687 2876 Silii,
702 2802 772 2882 qui,
792 2821 985 2883 quaecunque
998 2799 1144 2858 orationis
1157 2797 1312 2878 pigmenta

266 2905 296 2949 et
316 2891 468 2951 lenocinia
486 2892 673 2974 antiquiores
694 2905 805 2972 poeta,
827 2891 981 2948 Homerus
1004 2886 1146 2970 inprimis
1165 2899 1196 2945 et
1215 2882 1312 2962 Virgi-

266 2979 340 3054 lius,
355 2980 543 3040 carminibus
557 2981 617 3041 suis
632 2983 837 3054 intexuerant,
849 2979 953 3040 omnia
966 2999 1001 3038 ex
1015 2978 1051 3037 iis
1065 2974 1234 3058 adoptavit.
1247 2993 1275 3029 v.
1287 2991 1311 3029 c.

268 3067 402 3150 mythos,
426 3068 562 3146 fabulas,
580 3071 729 3152 episodia,
748 3069 1006 3153 comparationes,
1029 3067 1189 3150 copiarum
1212 3081 1311 3122 recem

267 3180 331 3234 sus,
344 3159 468 3218 urbium
480 3159 626 3240 origines,
638 3160 767 3221 deorum
780 3159 960 3233 ministeria,
973 3170 1002 3217 et
1013 3177 1083 3236 quae
1096 3167 1168 3215 sunt
1179 3151 1238 3212 alia
1248 3169 1314 3233 pos·

268 3247 334 3306 ticae
354 3247 539 3306 narrationis
557 3263 749 3308 ornamenta.
767 3248 804 3308 ln
825 3246 937 3329 quibus
959 3245 1056 3326 magis
1074 3241 1208 3326 profecto
1228 3237 1312 3298 nobis

267 3337 415 3420 placeret,
431 3337 490 3397 nisi
504 3337 631 3400 fuissent
642 3338 706 3421 jam
721 3339 790 3413 alii,
808 3339 862 3420 qui
877 3335 940 3397 haec
954 3337 1018 3418 ipsa
1031 3354 1156 3416 qnoque
1169 3349 1312 3411 occupas·

268 3439 343 3488 sent.
359 3427 414 3488 Sed
428 3447 480 3504 eo,
491 3449 553 3512 quo
567 3429 654 3504 vixit,
664 3449 729 3489 oevo
744 3443 839 3509 poene
853 3427 969 3509 ingenii
983 3439 1012 3486 et
1025 3424 1178 3484 actnninis
1193 3419 1312 3480 landem

270 3539 333 3580 non
350 3518 461 3578 tamin
477 3518 660 3580 inveniendo
679 3516 727 3578 vel
740 3539 845 3578 rerum
862 3519 909 3576 vel
923 3515 1089 3577 verborum
1103 3526 1215 3574 ornatu
1231 3511 1311 3568 vario

270 3619 362 3688 atque
381 3605 541 3686 exquisito,
559 3626 654 3686 quam
673 3604 706 3664 in
726 3606 858 3664 inventis
876 3605 1009 3684 aliorum
1027 3603 1180 3684 sapienter
1197 3601 1229 3658 in
1251 3617 1310 3657 rern

270 3714 357 3754 suam
367 3693 593 3768 convertendis,
604 3695 750 3772 consequi
761 3707 912 3775 poterant.
923 3694 966 3753 Eo
978 3691 1169 3774 potissimum
1181 3698 1313 3768 spectant

270 3785 407 3843 Deorum
418 3781 606 3842 interventus
619 3793 648 3839 et
660 3781 842 3856 ministeria,
857 3782 989 3842 lunonis
1004 3779 1135 3840 maxime
1149 3787 1179 3836 et
1193 3773 1312 3833 Veneris

271 3873 339 3944 irae,
351 3891 386 3930 ac
399 3883 496 3951 partes
509 3867 543 3927 iis
557 3868 694 3945 tributae,
706 3889 775 3950 quae
788 3869 828 3930 ab
839 3871 974 3930 Homero
986 3883 1016 3928 et
1027 3863 1156 3946 Virgilio
1166 3860 1231 3944 jam
1244 3881 1311 3943 pre·

273 3959 353 4020 clare
367 3972 456 4018 erant
469 3955 619 4030 definita,
634 3973 662 4017 et
675 3959 757 4018 exiis
771 3959 932 4028 confestim
946 3956 1116 4039 legentibus
1128 3963 1314 4012 succurrunt.

274 4044 374 4105 Altera
392 4043 470 4116 Dea,
491 4043 577 4123 eujus
595 4044 701 4104 odium
718 4048 751 4104 in
765 4047 929 4127 Troianos,
944 4061 974 4104 ct
987 4046 1026 4104 ab
1042 4043 1088 4104 bis
1101 4040 1250 4102 oriundos
1264 4041 1313 4098 llo·

274 4151 395 4206 manos,
407 4128 453 4190 vel
465 4129 618 4192 tironibus
633 4145 741 4194 notum
755 4147 813 4210 est,
828 4147 987 4214 tamquam
1002 4129 1314 4224 Qanhaginiensinm,
