2872 4644
457 393 788 461 ARGUMENTA.

131 539 278 623 Inposuit
288 539 400 625 pubes3
412 559 488 600 nam
499 559 569 620 rege
580 535 698 596 Gelone
710 547 840 613 creatus,

133 629 263 690 Oblitus
275 630 429 703 monitus,
442 639 582 709 artesque
594 625 708 686 oblitus
722 625 834 702 avitas,

136 717 258 801 lncepit
269 719 359 792 luxu,
371 731 471 799 spreta
483 716 610 790 virtute,
623 726 750 774 cruento

136 807 301 890 Flagrare,
311 822 341 870 et
352 808 459 890 rigidis
470 806 582 867 delicta
593 803 751 864 tuentibus
764 803 872 880 armis,

137 897 271 978 Cingere
282 919 312 958 se
323 896 418 973 ferro,
430 907 461 956 et
472 915 604 977 regnum
615 905 729 954 terrore
739 892 851 954 fovere.

138 986 210 1046 Hoc
222 987 317 1067 igitur
326 988 444 1069 (neque
455 986 539 1046 euim
551 985 685 1066 longum
695 983 844 1044 violentia
856 981 965 1064 durat)

139 1075 166 1134 A
178 1073 346 1157 conjuratis
357 1087 419 1136 tota
433 1096 502 1135 eum
516 1076 609 1157 stirpe
621 1086 773 1156 peremto,

139 1164 305 1226 Marcellus
317 1185 447 1249 propere
458 1163 567 1224 Siculis
577 1162 744 1242 adnaviget
756 1161 834 1236 oris;

139 1253 336 1336 Mutatasque
346 1253 467 1330 videns,
480 1251 617 1335 trepidos
629 1271 703 1312 mox
714 1251 831 1333 spargit
841 1250 876 1309 in
887 1271 978 1334 agros

141 1343 235 1426 Signa
246 1367 253 1404 ι
267 1346 412 1406 Leontini
425 1355 585 1404 senserunt
596 1343 698 1425 prima
709 1341 821 1402 coloni.

143 1432 368 1515 Pugnaturque
380 1434 472 1508 mari,
485 1435 646 1514 Poenoque
658 1452 712 1514 per
722 1431 784 1490 alta
795 1430 904 1513 fugato

146 1521 240 1580 Arma
252 1521 424 1604 Syracosios
436 1523 565 1604 capiunt
576 1519 712 1581 victricia
723 1538 838 1579 muros.
949 1569 954 1577 .

544 1673 646 1714 1111111
668 1672 723 1713 XV.
810 1686 816 1694 ·

187 1773 303 1851 Quem,
316 1776 447 1839 ducibus
459 1780 556 1855 cesis,
570 1781 684 1840 iterum
692 1777 758 1860 jam
769 1778 859 1838 Baetis
871 1777 911 1839 ad
923 1799 993 1840 oras
1030 1781 1033 1786 ’

148 1862 266 1940 Mittat,
279 1866 421 1927 Romulei
434 1869 544 1950 quierit
557 1868 634 1928 dum
646 1888 719 1928 cura
730 1868 872 1944 Senatus,

149 1951 298 2035 Scipiadae
306 1952 414 2038 juveni
427 1956 515 2016 lauro
526 1968 594 2027 tum
606 1956 687 2018 forte
699 1955 756 2016 sub
769 1955 872 2038 ample

151 2039 273 2100 Adstitit
284 2039 357 2102 hinc
369 2044 471 2104 subito
484 2045 603 2121 Virtus,
616 2043 690 2104 hinc
701 2042 818 2103 blanda
831 2042 994 2126 Voluptas,

149 2130 189 2188 Et
201 2129 259 2189 sibi
272 2134 430 2213 promissis
443 2145 512 2193 avet
524 2145 656 2214 utraque
664 2132 795 2216 jungere
806 2132 936 2213 magnis.

149 2219 205 2279 llle
217 2219 269 2280 sed
281 2221 439 2305 amplexus
451 2223 619 2299 Virtutem,
632 2221 789 2302 crudaque
800 2221 909 2282 Martis

148 2312 278 2372 Munera
292 2315 474 2397 suscipiens,
487 2314 683 2395 volitansque
694 2334 750 2396 per
761 2333 887 2395 aequora
900 2313 1008 2390 classe,

152 2401 247 2459 Arma
258 2418 349 2462 novoe
361 2401 464 2462 subito
476 2402 672 2485 Carthaginis
683 2399 813 2462 horrida
825 2401 922 2461 muris

153 2488 287 2570 Inpulit,
299 2505 329 2548 et
340 2490 439 2550 victor
451 2491 534 2551 ferro
548 2492 606 2551 sibi
618 2493 734 2552 moenia
746 2490 866 2573 pandit.

155 2575 276 2634 lnterea
289 2575 471 2636 Hemathius
484 2577 601 2638 conflat
612 2598 692 2638 nova
704 2578 787 2638 bella
799 2577 976 2661 Philippus,

157 2665 367 2746 Herculeoque
379 2687 469 2726 senex
479 2668 592 2727 Fabius
604 2666 657 2726 dat
665 2667 737 2751 jura
747 2669 895 2743 Tarento,

157 2752 383 2836 Marcellusque
396 2755 491 2832 cadit,
503 2756 682 2818 Nomadum
694 2755 900 2817 circumdatus
912 2769 989 2817 astu.

159 2840 423 2925 Hasdrubalisque
434 2856 541 2925 caput,
554 2843 666 2904 tumidi
678 2843 803 2924 regione
814 2843 948 2904 Metauri

161 2929 350 3009 Abscissum,
362 2931 532 2992 Hannibali
545 2942 695 2991 monstrat
706 2932 787 2992 Nero
800 2931 887 2992 laetus
899 2931 1004 2993 atroci.

548 3084 651 3126 urunt
673 3083 747 3125 XVI.

200 3188 410 3250 Hannibalem
422 3188 543 3272 adcepit
554 3189 745 3250 miserandos
756 3191 876 3250 Bruttia
887 3189 978 3251 tellus

162 3281 341 3342 Maerentem
353 3279 461 3360 patriae
474 3299 575 3353 casus,
587 3277 767 3359 fratrisque,
780 3299 921 3359 suosque.

161 3369 233 3428 Non
243 3379 350 3426 tamen
362 3365 496 3426 audebat
508 3385 692 3426 concurrere
702 3367 801 3425 Roma
814 3367 958 3448 gementi.

163 3460 280 3518 Tantus
292 3469 358 3516 erat
368 3454 477 3538 Libyci
489 3471 587 3517 metus
600 3469 629 3516 et
640 3455 778 3516 formido
791 3457 928 3538 tyranni.

165 3547 281 3606 Omnia
292 3547 326 3605 in
339 3544 479 3606 auriferis
488 3543 554 3626 jam
567 3545 666 3605 Marte
677 3546 838 3627 subegerat
849 3547 931 3606 arvis

166 3635 281 3716 Scipio,
290 3634 356 3716 jam
369 3634 496 3695 dederat
506 3634 659 3716 fugientia
671 3635 795 3696 carbasa
807 3637 906 3694 ventis

166 3723 282 3782 'Exutus
294 3725 398 3783 eastris
409 3724 519 3806 Mago,
528 3723 594 3806 jam
608 3735 714 3806 captus
726 3736 756 3785 et
767 3724 884 3783 Hanno

169 3811 329 3871 Praebebat
340 3814 435 3872 Latiis
447 3813 555 3873 infelix
566 3812 648 3874 colla
659 3814 784 3874 catenis.

169 3899 345 3961 Hasdrubal
357 3901 431 3962 huic
442 3902 537 3964 cladis
549 3902 626 3962 dum
638 3903 758 3963 nescius
770 3899 882 3962 addere
894 3922 956 3963 sese

171 3990 320 4062 Festinat,
333 3989 463 4064 latebras
474 3991 571 4052 victus
584 3992 751 4051 certamine
762 4001 884 4073 spectat.

172 4079 253 4140 Dein
265 4078 425 4138 Masinissa
437 4100 520 4141 novo
533 4081 687 4163 contingit
698 4077 812 4140 foedere
823 4078 962 4140 dextram

170 4166 334 4249 Scipiadae‚
346 4167 522 4248 sociumque
534 4169 593 4230 sibi
604 4169 668 4232 dux
680 4171 745 4253 ipse
755 4166 927 4251 Syphacem
