2960 4644
422 427 994 496 PUNICORUMLIB.XV11.
1165 437 1227 502 355

193 573 352 664 Massylus
364 573 494 651 volitet,
508 569 690 661 deposcens
702 571 827 660 praelia,
841 575 967 636 rector?

194 679 259 743 Fac
270 673 419 744 nostrum
431 677 510 754 boc,
524 699 596 741 rnea
609 674 736 754 deutra,
749 672 851 740 decus
864 699 870 738 :
884 677 1016 743 violavit
1028 698 1060 744 et
1071 705 1140 748 aras

195 782 399 862 Caelicolum,
412 799 446 847 et
457 783 537 848 casti
550 781 695 848 ductoris
707 778 833 846 foedera
845 782 944 870 rupit.

195 889 243 955 Sit
256 892 332 956 satis
344 889 433 955 hunc
444 889 558 956 castris
571 888 673 953 semel
686 888 843 977 effugisse
855 890 1016 954 crematis.
1030 920 1042 950 a

123 1057 125 1063 ,
196 996 247 1061 Sic
260 1020 372 1064 secum
384 999 487 1076 taciti,
501 1013 535 1062 et
546 998 694 1062 certatim
707 996 831 1084 spicula
843 995 998 1062 fundunt.

196 1103 304 1168 Prima
316 1105 350 1167 in
362 1100 551 1191 cornipedis
565 1101 650 1167 sedit
662 1101 860 1189 spirantibus
873 1102 984 1190 ignem

195 1206 335 1272 Naribus
347 1206 439 1272 basta
451 1206 581 1284 volans,
595 1207 764 1296 erexitque
777 1227 835 1270 ore
847 1221 986 1270 cruento

196 1311 474 1402 Quadrupedem,
488 1313 581 1376 elatis
592 1311 779 1402 pulsantem
790 1311 934 1377 calcibus
946 1333 1050 1376 auras.
1199 1327 1240 1374 135

196 1422 330 1486 Corruit
341 1441 437 1508 asper
449 1442 571 1508 equus,
585 1419 779 1507 confixaque
792 1419 929 1507 cuspide
941 1417 1089 1484 membra

198 1526 272 1590 Huc
284 1525 364 1588 illuc
371 1525 514 1616 jactans,
528 1541 692 1590 rectorem
703 1521 851 1612 prodidit
863 1522 960 1588 hosti.

196 1702 255 1746 mine
269 1703 358 1763 primns
371 1699 487 1760 Massylus
503 1700 588 1748 vetut
602 1726 634 1738 ··
652 1701 703 1748 130.
714 1702 772 1746 Voc.
785 1702 843 1746 costi
854 1711 987 1764 suspectum
997 1712 1061 1746 etex
1073 1689 1167 1757 entire,
1182 1705 1246 1766 quod

197 1786 270 1818 versu
283 1773 387 1832 proxime
400 1769 548 1836 subsequenti
562 1773 677 1828 obcurrit,
687 1783 825 1836 prognatum
836 1769 958 1818 videbatur
969 1771 996 1814 tt.
1008 1771 1086 1816 Heius.
1097 1775 1127 1817 At
1137 1773 1183 1820 vid.
1196 1786 1244 1822 not.

197 1867 230 1877 -
245 1841 295 1904 ¹³7·
308 1851 420 1889 vectorem
431 1843 521 1892 emend.
535 1845 564 1888 tt.
578 1845 654 1892 Hebro.
667 1857 694 1891 ut
705 1859 742 1904 ap.
759 1843 826 1888 ovid.
840 1845 867 1889 A.
880 1844 907 1888 A.
921 1843 965 1898 ΙΙΙ,
979 1841 1031 1887 555.
1043 1842 1089 1888 Sed
1100 1843 1170 1890 Drak.
1185 1845 1245 1892 boue

197 1924 292 1970 monet,
305 1922 414 1960 rectorem
425 1916 495 1962 etiarn
506 1917 609 1978 equitem
620 1915 665 1962 diei
674 1917 729 1962 Tac.
742 1919 801 1960 Anu.
814 1915 836 1970 t,
849 1913 944 1974 ostatu
956 1912 1038 1958 confer
1047 1915 1154 1972 Ernesti)
1164 1915 1244 1964 Claud.

100 2061 114 2074 '
196 2067 285 2122 certe,
305 2056 327 2108 ei
347 2054 427 2108 modo
447 2070 519 2110 recte
541 2057 630 2110 locutu
650 2057 715 2109 fre-¹
742 2056 761 2108 l.
779 2055 875 2108 'omnia
899 2073 956 2110 esse
979 2069 1005 2108 et
1026 2056 1069 2108 vix
1090 2074 1243 2112 communes

195 2134 291 2200 beant,
307 2149 387 2187 acuta
399 2136 515 2188 brevitas
528 2138 639 2190 maxime
657 2156 698 2189 re·
743 2155 850 2207 quoque
869 2152 961 2188 sensus
974 2135 1053 2188 ferre.
1067 2135 1140 2190 Nihil
1155 2140 1242 2208 aptius
1298 2153 1300 2164 ¹

193 2217 324 2286 quiratur.
335 2217 396 2268 Mea
407 2217 496 2286 potius
508 2217 696 2288 qualicumque
741 2212 796 2266 dici
815 2227 934 2286 poteret,
954 2233 1033 2286 quem
1052 2233 1150 2286 equum
1167 2221 1242 2288 previ

191 2297 323 2347 tententiu
341 2295 451 2366 inriguis
470 2307 510 2347 eet
526 2295 554 2347 b.
572 2297 590 2348 Ι.
608 2298 697 2348 euari-
741 2293 849 2347 vulnere
872 2294 955 2344 ictum
980 2295 1095 2364 primuni
1119 2295 1240 2350 cruribus

191 2387 248 2426 tat:
264 2391 328 2426 uum
342 2391 397 2425 uun
414 2373 482 2428 adeo
499 2376 589 2428 uiuite
603 2376 695 2428 militi·
742 2371 918 2424 auterieribet
940 2371 1073 2424 elevatum
1089 2390 1118 2424 se
1136 2376 1241 2428 nexisse

191 2453 695 2525 buesaneruuturcogitetiunes,red
739 2449 835 2521 (quod
859 2451 964 2520 poetice
989 2451 1115 2502 tribuitur
1139 2451 1238 2520 beate,

193 2553 301 2606 panon,
317 2545 344 2586 et
362 2534 470 2604 quidem
489 2537 644 2606 aptissima,
666 2538 694 2587 in
740 2545 797 2598 quer
814 2545 874 2578 euru
886 2528 1029 2597 erexerit),
1047 2528 1143 2582 deinde
1157 2532 1238 2584 cuiui-

193 2631 261 2684 quus
279 2631 335 2664 ιιοιι
356 2611 487 2684 adsequor
508 2631 556 2666 cur
577 2612 694 2666 incidere
739 2619 836 2671 mm,
853 2617 910 2656 ¹⁰¹³
927 2607 1064 2670 mutim,
1081 2621 1108 2658 et
1122 2608 1238 2682 denique

192 2709 249 2743 nou
260 2692 410 2762 potuerint,
427 2707 509 2760 quuru
519 2708 553 2744 ue
565 2694 622 2745 arie
636 2695 694 2763 qui·
738 2685 851 2736 umbra
859 2683 1012 2750 vulnerate,
1023 2684 1051 2737 b.
1063 2705 1086 2738 e.
1098 2703 1178 2759 eaput
1188 2689 1238 2744 buc

192 2771 255 2823 darn
281 2787 342 2822 curn
366 2768 444 2821 berte
466 2771 522 2839 jam
548 2769 694 2824 dimicare·
738 2761 931 2836 iflesscwr
948 2761 1094 2834 Utfnfixssm
1106 2769 1237 2836 cmpt'dem

193 2852 260 2915 rint,
278 2848 368 2903 nediu
385 2849 620 2921 pugnandumque
632 2869 692 2904 m.
737 2855 882 2909 excuteret,
892 2855 918 2894 et
928 2844 992 2914 quia
1001 2841 1122 2896 dolorem
1132 2845 1169 2898 ibi
1178 2865 1238 2900 sen.

192 2935 259 2996 rint,
277 2943 304 2982 at
314 2929 407 3001 prot-uf
417 2929 532 2982 viderint
546 2949 643 3002 regem,
657 2959 693 2974 ....
737 2925 811 2989 tiret,
823 2935 853 2974 ut
865 2919 1018 2988 wtufbreree
1034 2923 1174 2994 (volutans
1189 2947 1237 2980 eu·

191 3013 220 3063 ιἰι
229 3009 443 3083 apminepn'mo,
452 3007 476 3061 ιί
484 3005 613 3076 προμάχοις
622 3011 693 3063 Mee-
734 3015 784 3074 put
796 3005 824 3056 iu
834 3001 921 3072 terre)
931 3003 982 3071 eropi
991 3005 1087 3068 χνικιῖ,
1101 3024 1144 3076 up.
1156 3009 1232 3060 Hom,

190 3089 261 3161 sylus
272 3100 361 3154 rector,
371 3085 551 3161 Syphaxvid.
562 3089 691 3142 Nostrum
733 3081 811 3135 llind.
822 3083 857 3142 θ,
869 3082 916 3154 86,
928 3084 974 3153 qui
986 3082 1061 3135 locus
1075 3083 1139 3137 Sifio
1152 3089 1233 3140 etium

191 3168 227 3221 ad
240 3169 299 3219 XVI
304 3207 313 3234 ,
330 3183 387 3237 170.
734 3173 795 3214 ente
811 3161 903 3214 oculos
919 3162 1002 3214 fuisse
1021 3161 1132 3216 ridetur.
1150 3165 1229 3220 Conf.

229 3263 285 3316 129.
308 3246 357 3298 boc
378 3245 467 3312 decue,
486 3246 558 3298 hunc
576 3246 689 3319 gloriam
732 3241 771 3293 ibi
785 3241 922 3313 Koeppm,
938 3255 965 3293 et
977 3243 1066 3316 Heyne
1079 3241 1113 3295 nd
1124 3245 1195 3317 Virg.
1211 3247 1229 3298 Ι.

188 3329 263 3398 cepti
275 3339 320 3382 uttt
332 3327 392 3378 oreti
405 3328 484 3396 regit.
497 3325 619 3399 Abrupta
630 3345 689 3379 ore·
732 3321 749 3372 l.
762 3351 798 3362 -
808 3323 883 3384 redit,
902 3335 933 3373 ιιι
947 3323 973 3388 f,
988 3319 1053 3390 540,
1069 3322 1116 3375 ubi
1132 3343 1156 3377 r.
1172 3341 1228 3378 not.

192 3406 229 3456 tio
248 3405 366 3458 adfectui
389 3405 516 3476 uetuitque
538 3407 618 3458 enimi
639 3401 689 3458 'ad-
732 3431 767 3442 -
780 3399 891 3454 Nanun
906 3414 933 3453 et
949 3419 992 3453 ore
1006 3415 1125 3464 cruento,
1142 3418 1170 3455 ut
1185 3425 1228 3476 ep.

190 3484 481 3538 commodate—130.
495 3487 686 3552 cuudneton'r,
732 3481 804 3554 Virg-
817 3481 834 3533 l·
852 3500 875 3533 c.
888 3482 955 3533 inter
970 3501 1034 3534 cava
1052 3495 1184 3554 tempora,
1204 3500 1230 3538 et

190 3561 322 3634 Scipionis
333 3587 339 3615 ι
352 3565 429 3628 carti;
439 3584 463 3616 v.
476 3563 511 3617 ed
522 3569 547 3633 t,
557 3568 617 3634 481.
731 3559 834 3614 AEneid.
848 3561 897 3627 itt,
914 3561 965 3630 637
980 3559 1046 3632 (qui
1061 3561 1136 3614 iocus
1149 3566 1229 3616 etiam

231 3643 278 3695 133
296 3663 351 3716 seq.
369 3644 465 3699 tinette
479 3645 554 3698 iocus
570 3659 611 3698 est
628 3664 686 3720 sup.
732 3643 831 3692 Nostro
840 3639 932 3693 similis
942 3641 1062 3712 eet),rub
1071 3661 1139 3694 eure.
1150 3645 1227 3696 Couf.

193 3719 243 3783 fX,
255 3720 305 3789 594
314 3739 354 3792 sq.
364 3724 483 3795 Uterque
491 3737 594 3792 eutem,
606 3738 632 3778 et
644 3725 688 3778 bio
731 3719 842 3780 liful-⁸,
850 3721 1132 3793 83sq.-epr'rantibre
1143 3724 1230 3797 iguem

194 3795 301 3867 quiden
312 3800 465 3854 adverbum
475 3804 533 3856 fere
544 3807 687 3856 concinue-
731 3799 858 3866 Naribus,
867 3813 896 3850 ut
908 3817 952 3870 ap.
965 3802 1037 3872 virg.
1047 3800 1095 3854 Ge.
1107 3803 1145 3866 11,
1161 3805 1217 3871 ¹4⁰·

194 3891 237 3928 rue
248 3873 287 3928 'eet
296 3895 330 3930 ux
340 3881 413 3952 Virq.
426 3883 525 3936 AEueid.
538 3885 572 3949 tt,
585 3884 635 3954 892
648 3903 689 3955 sq.
771 3879 829 3932 136.
840 3899 918 3952 equus
926 3899 1012 3952 asper,
1020 3880 1122 3949 «ιμχῠς,
1132 3885 1231 3952 iratus,

191 3957 291 4008 deuote
302 3957 383 4010 rerba
395 3977 551 4033 synonyma,
561 3965 690 4034 σοηιίρρε,
732 3956 828 4011 dolore
837 3973 1014 4031 exasperatur.
1026 3972 1148 4014 rectorem
1156 4001 1165 4028 ,
1174 3981 1234 4014 rec-

192 4035 354 4110 quadmpm
375 4056 471 4110 equm,
494 4055 565 4094 recte
589 4045 692 4096 nutarit
735 4051 819 4092 torem
829 4038 872 4109 (r.
882 4043 944 4094 Var.
954 4041 1025 4095 Lect.
1035 4045 1058 4111 ),
1068 4042 1231 4114 Syphacem,

193 4115 275 4187 berth
285 4114 352 4168 Arte.
365 4117 425 4168 Xfff
430 4157 439 4185 ,
454 4135 484 4188 7,
496 4119 543 4170 ted
556 4119 626 4174 ideut
636 4140 693 4193 per·
737 4121 803 4173 hosti
806 4121 929 4192 prodidit,
935 4122 1053 4174 tradidit.
1061 4121 1232 4172 ConferNos·

86 4266 91 4274 ι
194 4213 288 4268 peram
300 4195 427 4268 putabet,
441 4197 563 4250 infelicis
573 4199 652 4268 plene
665 4199 693 4251 b.
737 4213 806 4252 trum
819 4199 973 4270 ad11,247.

1018 4271 1059 4318 23.
