2930 4644
426 361 736 428 ruurcouuu
761 361 851 424 cru.
875 361 996 426 xvir.
1166 365 1223 432 su
1271 343 1276 352 “

194 502 227 568 si
238 501 360 589 placet,
372 500 461 566 haud
474 523 579 567 renuo
591 523 597 563 :
612 514 766 564 maneant
778 497 877 564 modo
891 499 1013 567 loedera
1025 521 1150 586 nostra,

196 605 436 674 Hasdrubalem
448 629 602 673 revocare
614 606 738 672 umbris
751 630 757 669 :
772 629 877 693 egone
888 629 1000 696 aspera
1012 635 1132 700 ponam

196 714 350 802 Unquam
362 715 396 778 in
409 715 573 779 Romanos
586 711 679 777 odia?
688 723 746 776 aut
758 733 985 778 mansuescere
996 717 1095 783 corda

195 822 312 886 Nostra
324 823 446 886 sinam?
457 841 655 910 parcamque
668 820 753 898 viro,
767 843 867 909 quem
880 835 964 886 terra
977 826 1091 890 crearit

196 926 375 992 ltalaitnm
388 949 500 992 manes
513 926 662 990 inimicos
675 925 745 990 aede
758 925 896 1014 repellat
1188 947 1231 1003 tto

195 1035 339 1112 AEterna,
353 1033 509 1122 socioque
521 1031 631 1120 abigat
645 1053 697 1096 rue
709 1030 811 1095 frater
822 1034 964 1098 Averno.
977 1061 990 1093 ι

193 1137 245 1205 Sic
257 1139 316 1216 ait,
330 1153 363 1202 et
373 1137 470 1227 clipei
483 1136 678 1226 propulsum
690 1135 838 1223 pondere
852 1151 936 1215 toto,

194 1245 334 1310 Lubrica
347 1269 412 1334 qua
423 1243 522 1309 tellus
533 1243 689 1330 lapsantis
701 1243 861 1331 sanguine
873 1243 981 1308 fratris

195 1349 341 1415 Fallobat
353 1351 458 1426 nisus,
471 1349 665 1436 prosternit,
680 1363 712 1411 et
724 1364 863 1436 occupet
875 1369 963 1412 ense.

194 1453 352 1519 Extendit
362 1453 478 1517 labens
490 1452 628 1540 palmas,
644 1452 849 1540 Heriumque
856 1453 1023 1542 jacentem
1193 1470 1237 1532 ⁴7⁰
1315 1463 1324 1481 ¹

193 1559 387 1648 Amplexus,
396 1561 511 1649 juncta
522 1557 639 1622 lenivit
651 1575 757 1622 morte
769 1555 930 1624 dolorem.

195 1670 283 1734 Tum
296 1665 395 1757 Libys
407 1665 534 1731 invadit
546 1665 654 1730 mixtae
666 1667 845 1732 certamine
856 1667 976 1748 torbae,

192 1849 271 1896 helem
283 1863 336 1894 cum
348 1847 433 1895 acerbo
444 1848 492 1894 risu
506 1846 665 1908 reapondisse,
681 1861 694 1892 e
706 1863 753 1910 quo
765 1861 818 1894 mox
830 1847 877 1896 tola
888 1848 1000 1895 acerbitas
1011 1861 1034 1895 et
1044 1849 1110 1898 l'nror
1121 1852 1238 1918 relinque-

195 1921 388 1979 return-461.
399 1924 508 1968 Nostrum
520 1918 687 1966 Hasdrubalem
699 1922 801 1966 rutrornu¹
809 1920 893 1966 umbris
902 1920 1000 1968 malebat
1009 1923 1038 1968 N.
1052 1923 1127 1972 lleiru.
1141 1942 1240 1976 revocari

196 1995 263 2040 tacite
275 1993 346 2040 edidit
357 1993 437 2039 heleb.
451 2001 553 2038 reuocate
566 1992 627 2052 conj.
642 1993 713 2038 lirin.
725 2015 755 2027 -
766 1991 820 2050 463.
833 1993 900 2040 corde
911 1993 1068 2055 suspicabatur
1079 1997 1107 2042 N.
1121 1999 1199 2048 licius,
1209 2029 1240 2040 ..

194 2063 248 2121 465.
259 2065 355 2127 Vulgata
366 2064 447 2118 lectio,
461 2079 544 2127 qrmm,
557 2065 598 2108 etri
610 2063 730 2109 manifeste
747 2077 893 2127 corruptam,
905 2066 1049 2111 retinuerunt
1062 2067 1132 2115 Dralt.
1150 2083 1173 2116 et
1185 2073 1238 2121 Em,

194 2134 244 2182 hire
258 2147 306 2182 eet:
323 2139 380 2182 Tum
392 2151 469 2182 moues
479 2135 567 2180 inimico
581 2134 633 2180 sede
649 2131 745 2196 repellat
759 2134 867 2189 Eremm-
880 2149 923 2180 uec
936 2133 988 2179 libri
1003 2137 1101 2194 vanam,
1119 2139 1162 2186 nisi
1175 2143 1241 2204 quod

195 2208 313 2254 AEtemum
326 2209 440 2270 reperitur
451 2210 474 2254 in
485 2223 505 2253 e.
518 2205 575 2252 Tell.
590 2206 654 2268 quod
666 2207 754 2266 recepit
766 2205 845 2252 heleb.
860 2219 884 2252 er
895 2221 923 2251 ex
934 2207 996 2267 conj.
1003 2207 1051 2267 jem
1062 2223 1198 2270 reposuerat
1209 2217 1237 2262 ι),

195 2279 273 2325 lleioe.
283 2277 351 2340 prob.
364 2276 414 2338 eju·
426 2277 481 2325 lilio.
491 2279 521 2324 Δι
529 2292 558 2322 nc
571 2276 706 2338 sicquidem
719 2278 793 2323 omnis
804 2275 926 2324 difficulter
936 2275 1035 2332 tollitur,
1048 2291 1071 2324 et
1082 2281 1198 2328 Avernum
1210 2285 1240 2330 ah

196 2347 322 2394 llennibele
333 2364 414 2410 parum
426 2361 479 2409 epte
491 2348 565 2392 sedem
580 2349 691 2392 inimicum
702 2348 794 2402 vocari,
807 2347 882 2402 unde,
896 2349 914 2392 si
926 2347 1014 2392 inimica
1027 2359 1100 2405 erret,
1112 2349 1176 2398 laetue
1187 2353 1240 2414 pel.

195 2417 294 2472 leretur,
306 2417 354 2477 jem
365 2419 454 2463 monuit
465 2416 536 2463 Drnl.
552 2419 655 2462 imbricus
667 2431 714 2461 non
725 2415 784 2462 mate
796 2415 857 2475 conj.
871 2415 930 2461 Cell.
943 2426 979 2470 et,
995 2416 1059 2478 qnod
1073 2419 1156 2466 eodem
1166 2423 1239 2480 redit,

197 2489 295 2534 inimicos
306 2489 434 2544 huiccine,
445 2487 529 2548 probb.
542 2487 612 2532 Dralr.
627 2501 650 2532 et
660 2489 715 2532 Eru.
730 2500 756 2531 ut
766 2501 847 2532 tenent
859 2489 903 2532 sit:
918 2487 940 2532 st
955 2486 1011 2533 ltalo
1025 2487 1062 2533 vel
1073 2491 1175 2539 Romano
1189 2497 1241 2540 cui.

198 2573 269 2620 quam
278 2561 422 2620 pepercerim
436 2557 473 2604 rel
484 2573 580 2620 parcere
594 2559 693 2618 possim,
705 2569 754 2602 tum
766 2557 838 2604 irater
848 2557 904 2602 mibi
919 2559 1020 2603 inimicos
1032 2559 1082 2616 liat,
1093 2563 1156 2622 qnod
1171 2565 1241 2612 aluo.

198 2645 253 2676 nem
263 2630 313 2690 ejus
324 2629 447 2691 negligam,
461 2641 484 2675 et
495 2627 591 2692 repellat
601 2643 677 2674 moues
689 2643 753 2674 meos
765 2627 888 2690 aliquando
899 2628 928 2673 nb
940 2637 1024 2674 oetcrm
1035 2631 1087 2676 sede
1096 2632 1131 2678 vel
1143 2635 1242 2683 Averno.

198 2703 253 2748 llaec
265 2703 374 2746 sententia
387 2699 477 2762 plaeere
488 2711 563 2762 potest
574 2698 626 2745 coll.
639 2699 704 2746 simili
716 2697 768 2744 loco
782 2699 886 2746 Juvenal.
902 2700 937 2755 ll,
953 2699 1022 2746 153...
1037 2701 1091 2758 1583
1106 2705 1147 2750 red
1158 2716 1243 2756 oetenm

200 2773 264 2817 sedes
276 2781 352 2826 recte,
368 2773 463 2832 opinor,
479 2768 592 2830 displicuit
603 2771 657 2814 lirn.
670 2771 718 2829 l'po
734 2766 847 2814 levissime
861 2767 979 2813 literarum
990 2772 1116 2817 mutatione
1132 2776 1243 2835 somnos,

199 2843 237 2889 vel
248 2845 350 2888 inimicus
362 2843 409 2888 πάι
420 2839 513 2905 repellat
523 2841 617 2886 AEtema
628 2839 789 2902 reponendum
798 2838 947 2894 crediderim.
960 2851 985 2886 ut
995 2851 1060 2886 retur
1070 2845 1194 2906 scriptura,
1204 2851 1244 2896 ede

201 2916 271 2964 luerit
280 2929 324 2976 pro
343 2915 402 2968 oedc,
415 2926 467 2975 epia
482 2911 645 2973 orthographia
659 2923 713 2958 note
730 2923 764 2957 ert
778 2913 818 2967 in,
832 2912 873 2973 qui
885 2912 973 2972 priscos
989 2909 1070 2968 libros,
1087 2926 1132 2960 mm
1147 2920 1243 2982 scripio,

201 3003 270 3052 qoam
286 2984 372 3040 editoe,
383 2984 521 3032 lectitarent.
535 2984 604 3030 AEdes
620 2992 704 3030 oetenra
720 2983 816 3035 dieitur,
829 2994 856 3028 ιιι
868 2984 948 3028 domus
960 2991 1044 3028 oeterm
1057 2985 1136 3033 Senec.
1150 2989 1244 3053 llippol.

199 3075 222 3108 ι.
240 3061 311 3117 tait,
325 3057 361 3104 rel
375 3051 516 3118 ὃὸμἻὶδιιι
531 3057 599 3103 llom.
613 3055 677 3102 llied.
691 3072 715 3109 ι,
729 3054 786 3112 251,
803 3066 826 3102 et
840 3063 936 3109 oeterrm,
951 3053 1012 3100 unde
1026 3059 1110 3104 mortui
1125 3075 1243 3125 nunquam

200 3127 311 3186 redeunt,
324 3127 370 3174 rid.
387 3126 418 3174 od
432 3127 478 3182 Ill,
494 3126 536 3182 36,
552 3138 575 3172 et
586 3137 635 3172 not.
647 3125 676 3170 ed
689 3124 744 3182 Vll,
758 3125 814 3178 586.
828 3121 885 3186 pilu
899 3123 964 3180 lllll,
978 3124 1005 3170 6ι
1014 3141 1032 3170 ι.
1049 3125 1164 3177 Succurrit
1175 3135 1244 3182 ctiam

201 3197 255 3245 mihi
266 3197 316 3244 brec
325 3197 407 3254 lectio,
421 3206 468 3243 tum
478 3211 554 3242 manes
565 3197 653 3240 inimica
666 3203 738 3241 meritc
749 3191 842 3258 repellat
853 3194 984 3250 AEtemnm,
996 3208 1048 3256 quae
1059 3205 1135 3244 tamen
1144 3215 1157 3244 e
1167 3201 1245 3265 vulga.

201 3281 224 3318 ta
235 3274 307 3333 magi·
317 3268 435 3317 obhorret.
447 3294 476 3306 -
487 3267 541 3332 471.
552 3265 640 3314 dolores
650 3268 694 3318 Or.

203 3413 292 3466 halem
305 3415 333 3465 in
345 3413 421 3466 ltalia
434 3429 530 3466 cesum
545 3411 610 3463 mihi
625 3429 703 3463 rero-
747 3425 773 3464 et
785 3411 921 3464 minuebat
932 3412 983 3462 rim
997 3409 1085 3462 standi
1097 3415 1246 3484 pugnandi-

205 3495 320 3558 careris,
330 3512 380 3566 epo
390 3491 572 3545 tihireducem
579 3492 701 3543 Herium:
748 3509 813 3562 que;
825 3487 896 3542 conf.
908 3493 932 3556 l,
943 3488 1001 3556 554.
1013 3519 1049 3530 -
1058 3505 1166 3562 occupat
1176 3513 1244 3563 eure,

205 3571 258 3624 hoe
272 3575 306 3624 sit
317 3573 405 3626 ioedus
419 3573 453 3626 de
465 3571 635 3624 restituendis
648 3573 704 3624 fre·
747 3571 800 3622 vid-
812 3569 887 3634 adli,
900 3570 959 3640 ²³7·
969 3599 1004 3609 —
1014 3569 1074 3638 ⁴7¹·
1086 3569 1165 3622 Dral.
1176 3591 1246 3625 com·

208 3652 306 3714 tribus;
317 3651 381 3706 Cell.
392 3683 428 3693 -
440 3653 500 3721 465.
511 3653 574 3704 Var.
590 3653 660 3703 tent.
698 3671 700 3678 ’
748 3652 851 3722 pererit
861 3667 919 3720 sup.
931 3649 981 3714 tx,
993 3649 1043 3715 408
1053 3667 1093 3720 sq.
1103 3649 1175 3723 virg.
1187 3655 1244 3706 AEn‚

246 3729 305 3795 466.
315 3732 381 3782 socio
391 3729 506 3798 Averno,
518 3731 552 3782 ab
562 3731 653 3782 inieris
665 3727 706 3781 rel
749 3731 799 3794 lx,
813 3729 879 3796 4453
896 3727 962 3780 Stat.
974 3727 1060 3779 Theb.
1075 3729 1111 3795 ll,
1124 3731 1174 3798 642
1189 3751 1244 3806 seq.

212 3810 312 3878 campis
334 3810 446 3883 Elysiis,
470 3811 517 3864 ubi
543 3813 636 3864 sociati
660 3826 707 3862 seu
750 3808 829 3860 Orid.
840 3809 904 3860 Met.
912 3810 944 3876 V,
958 3823 987 3877 7¹
1001 3826 1041 3879 sq.
1053 3809 1144 3882 Eurip.
1155 3809 1246 3886 Suppl.

211 3889 310 3957 juncti,
322 3889 348 3940 li.
363 3908 385 3940 e.
399 3909 451 3942 una
464 3891 527 3942 olim
540 3894 653 3954 erimus,
667 3907 707 3940 me
756 3889 804 3940 106
818 3904 859 3957 sq.

214 3968 314 4040 ahipnt,
332 3969 484 4021 societatem
499 3988 584 4021 meum
600 3989 631 4022 ne
645 3987 710 4022 con·
789 3968 840 4034 47²
854 3983 908 4037 seq.
919 3963 1094 4018 Hannibalem
1106 3979 1179 4039 terga
1189 3968 1250 4021 hot·

217 4046 382 4100 suetudinem
396 4049 422 4097 in
435 4047 500 4100 locis
513 4049 604 4100 inieris
616 4049 709 4118 fugiat.
755 4047 819 4097 tium
830 4047 953 4110 vertisse,
973 4045 1068 4098 nullibi
1084 4046 1173 4096 Livius
1193 4050 1251 4116 qui·

252 4127 312 4197 469.
327 4125 444 4179 Fallehot
460 4128 540 4191 nitus,
558 4126 711 4198 inpediebat
756 4123 816 4178 dem
826 4123 924 4179 diserte
935 4124 1071 4178 adnotavit
1076 4144 1084 4186 ι
1095 4122 1142 4174 sed
1151 4122 1250 4193 ubique
