2872 4644
158 397 1204 432 memwwwmmmnmwtmmmmmmmmm

280 563 714 762 annulum
751 619 1078 768 ‘aalma

611 983 751 999 ψ

160 1177 295 1284 Staium
315 1215 484 1282 l‘rlucutt
504 1231 638 1304 poetam
662 1216 898 1282 commentario
920 1213 1020 1283 docto
1042 1218 1203 1291 illustrare

157 1351 277 1420 quum,
287 1328 377 1419 quod
389 1350 428 1393 ex
437 1325 748 1391 Commmrtationede
755 1323 827 1392 Silii
831 1330 897 1392 vita
905 1339 936 1395 ct
946 1334 1084 1397 carmine
1094 1332 1136 1397 ad
1148 1353 1201 1400 me

155 1449 254 1514 missa
269 1445 430 1524 intellexi,
447 1467 522 1509 meo
537 1443 746 1532 potissimum
763 1467 860 1512 suasu
876 1469 911 1512 se
925 1469 1116 1536 aggressum
1132 1475 1202 1519 esse

152 1565 325 1654 professus
338 1565 380 1630 eit
391 1565 431 1628 el.
445 1561 568 1642 editor,
583 1563 644 1628 Vir
657 1561 820 1628 modestia
833 1581 866 1629 et
878 1565 999 1630 virtute
1013 1589 1080 1631 nou
1092 1569 1202 1635 minus

156 1678 420 1771 quamdoctrina
435 1695 586 1744 accurata
601 1680 737 1745 etruria
753 1662 970 1769 conspicuus:
989 1705 1031 1747 ne
1049 1683 1129 1748 mihi
1146 1703 1205 1752 aut

154 1795 296 1895 aliquid,
315 1795 406 1887 quod
423 1795 490 1860 mei
507 1793 633 1861 ordinis
649 1794 777 1859 homiui
797 1791 886 1858 houd
906 1799 1095 1880 conveniat,
1115 1821 1203 1866 arro-

154 1939 247 2005 gasse
263 1934 320 1981 aut
332 1914 450 2008 judicii
467 1915 534 1980 mei
550 1914 780 1979 anctoritatem
796 1915 969 2010 affectasse
986 1915 1113 1997 videar,
1133 1941 1203 1984 uon

151 2029 298 2096 alienum
313 2029 419 2095 videri
435 2029 573 2118 poterit,
592 2027 621 2093 ei
637 2027 671 2091 in
687 2029 758 2116 ipsa
772 2026 847 2094 lihri
863 2029 1117 2096 leonte'cousilii
1134 2034 1201 2097 mei

152 2163 186 2212 et
197 2146 347 2213 hortatus
360 2147 504 2211 mtiones
517 2145 631 2232 paucis
644 2141 833 2209 reddidero.
850 2146 892 2209 Et
903 2146 1012 2234 primo
1024 2148 1201 2212 consilium

150 2263 232 2329 illud
245 2261 458 2330 referendum
472 2278 522 2327 est
533 2260 573 2327 ad
588 2279 720 2348 tempus
733 2258 836 2340 istud,
850 2283 917 2351 quo
930 2263 980 2327 vir
989 2262 1199 2332 doctissimus
1230 2281 1232 2288 ’

149 2397 225 2445 ante
240 2379 301 2444 hos
315 2379 374 2441 XV
389 2400 493 2442 anuos
508 2374 791 2462 iuter'disciplinae
806 2377 1031 2464 Gottingensis
1045 2377 1197 2446 alumnos

152 2512 251 2574 esset,
264 2491 437 2559 Seminarii
447 2506 558 2554 autem
570 2487 663 2574 Regii
674 2488 867 2575 philologici
878 2488 1030 2554 sodalitio
1041 2509 1073 2556 et
1088 2516 1200 2560 neces·

150 2607 294 2675 titudine
308 2623 491 2683 teneretur,
510 2601 603 2692 cujus
621 2589 776 2690 equidem
793 2625 865 2666 eam
883 2626 1014 2691 semper
1031 2605 1145 2688 habui,
1164 2625 1196 2674 et
1253 2633 1256 2640 ’

150 2726 235 2789 iuter
243 2722 382 2812 juvenes
394 2721 548 2806 ingenuae
561 2716 682 2780 indolis
695 2715 810 2780 haberi
822 2715 905 2796 vidi,
919 2719 1128 2806 religionem,
1141 2741 1192 2804 ut,

149 2840 206 2930 qui
219 2837 251 2901 ei
260 2833 443 2920 adscriptus
454 2847 554 2908 esset,
568 2830 734 2918 praecipua
744 2829 853 2919 aliqua
866 2852 960 2908 cura,
974 2829 1041 2895 fide
1053 2849 1086 2897 et
1097 2834 1194 2900 bene·

147 2954 291 3022 volentia
307 2948 389 3016 mihi
405 2946 575 3011 iideretur
589 2967 661 3009 esse
675 2944 940 3032 amplectendus,
957 2945 1013 3010 ille
1027 2964 1137 3014 autem
1150 2950 1191 3015 ad

146 3072 330 3143 studiorum
342 3089 477 3134 suorum
491 3087 529 3130 uc
540 3065 616 3128 vitae
627 3064 787 3140 rationes,
800 3085 867 3127 nou
880 3063 982 3129 modo
995 3066 1028 3128 in
1041 3065 1113 3154 ipso
1126 3085 1191 3133 stu-

145 3191 275 3258 diorum
284 3203 516 3262 cursu‚rerum
526 3179 624 3244 etiam
634 3165 774 3243 decursu
783 3176 973 3243 academico
982 3179 1078 3260 facto,
1086 3205 1189 3270 quum

140 3306 206 3397 jam
225 3301 267 3368 ad
287 3299 428 3390 publicae
446 3297 520 3361 vitae
540 3315 784 3382 munerumque
804 3293 952 3357 tirocinia
975 3295 1188 3400 procederet,

145 3419 286 3489 consiliis
303 3415 385 3481 meis
402 3411 564 3479 utendum
582 3411 643 3475 sibi
661 3431 731 3474 esse
748 3409 956 3474 existimaret.
972 3408 1121 3474 Necdum
1139 3412 1189 3499 la'ss

145 3537 203 3603 cile
216 3533 284 3600 vidi
299 3549 357 3598 aut
370 3528 450 3594 mihi
466 3527 568 3592 moris
582 3527 648 3590 mei
662 3541 720 3589 aut
733 3525 796 3588 illis
813 3526 943 3611 pietatis
958 3547 1034 3612 erga
1048 3545 1103 3588 me
1117 3547 1186 3590 snae

145 3651 242 3715 luisse
260 3642 503 3734 poenitendum.
525 3639 570 3702 Ex
589 3637 685 3702 dictis
703 3638 815 3726 itaque
831 3651 983 3723 apparet,
1001 3635 1043 3699 ad
1061 3637 1183 3703 multos

144 3781 230 3830 retro
241 3783 344 3826 annos
357 3758 530 3825 consilium
543 3753 730 3818 hocmeum
745 3773 816 3817 esse
829 3749 1066 3830 revocandum,
1080 3773 1184 3840 quum

145 3877 183 3944 de
195 3877 257 3942 viri
269 3875 373 3954 docti,
387 3874 442 3963 qui
451 3873 579 3961 aliquot
587 3867 682 3932 annis
692 3883 768 3955 post
781 3867 898 3955 Lipsiae
908 3863 949 3930 ad
960 3865 1074 3930 Silium
1085 3865 1187 3932 eden·

146 3995 223 4058 dum
235 4013 270 4055 se
279 3989 433 4068 accinxit,
446 3985 582 4052 coneilio
593 3981 691 4049 simili
701 3979 851 4046 nondum
863 3980 944 4044 mihi
955 3978 1080 4069 aliquid
1090 3979 1185 4043 inno-

146 4125 267 4172 tescere
289 4119 409 4189 posset.
434 4103 457 4163 l
479 4095 692 4162 familiaribus
714 4111 826 4160 autem
847 4094 929 4160 meis
951 4115 1006 4171 eo,
1029 4113 1096 4178 quo
1114 4085 1184 4151 dix'i

233 4237 255 4271 a.
969 4205 1003 4256 32
