2930 4644
172 413 1207 442 fflmfflmfflfflmmmmwkmmmm

200 610 727 760 TESTIMONIA
768 635 1173 757 VETERUM

243 944 323 1031 DE
344 941 509 1031 SILIO
529 941 806 1048 EJUSQUE
827 939 1130 1088 GbRMlNE.

395 1427 592 1503 PLINIUS,
613 1447 682 1490 ιιι.
704 1449 766 1503 ιιι,
786 1437 897 1489 trior.
919 1449 985 1490 vn.

170 1567 276 1658 Meno
297 1598 458 1658 nuntiatus
472 1610 516 1658 est
532 1596 621 1658 Silius
635 1591 756 1658 italicus
775 1599 808 1658 in
827 1597 1030 1680 Neapolitano
1044 1620 1100 1660 suo
1114 1600 1216 1661 inedia

168 1688 265 1747 vitam
277 1686 387 1748 finisse.
400 1689 499 1748 Causa
510 1689 619 1747 mortis
631 1686 783 1748 valetudo.
796 1688 872 1748 Erat
880 1687 926 1748 illi
936 1701 1026 1748 natus
1038 1689 1216 1750 insanabilis

168 1777 271 1837 clavus
276 1774 383 1858 cujus
393 1776 677 1838 taedioadmortem
687 1776 879 1837 irrevocabili
889 1779 1059 1840 constantia
1073 1777 1219 1840 decucur-

170 1866 225 1925 rit:
241 1865 389 1946 usquead
406 1887 585 1949 supremum
599 1863 682 1927 diem
696 1866 803 1927 beatus
816 1863 942 1942 etfelix,
956 1866 1109 1948 nisiquod
1119 1868 1219 1929 mino·

169 1952 375 2013 remelrbens
386 1951 509 2015 duobus
524 1954 642 2029 amisit,
655 1954 705 2013 sed
720 1953 869 2036 majorem
878 1954 1100 2036 melioremque
1108 1953 1218 2016 floren
1245 1943 1249 1952 ⁴
1328 1989 1330 1994 .

168 2053 230 2102 tem
251 2054 342 2122 atque
360 2017 451 2101 etiarn
473 1999 665 2103 consulanein
687 2041 819 2124 reliquit.
844 2043 977 2102 Laeserat
996 2041 1113 2103 famam
1128 2065 1217 2106 suam

167 2132 223 2192 sub
234 2132 369 2204 Nerone3
386 2131 565 2194 credebatur
580 2143 691 2234 sponte
704 2130 880 2191 adamasse:
898 2131 998 2192 sedin
1013 2127 1128 2191 Vitellii
1142 2133 1218 2192 ami-

165 2221 237 2281 citia
257 2221 410 2303 sapienter
426 2241 458 2281 se
476 2235 505 2280 et
524 2221 654 2280 comiter
674 2234 824 2302 gesserat:
845 2241 881 2282 ex
899 2219 1121 2303 proconsulatu
1141 2223 1217 2282 asiae

165 2311 295 2392 gloriam
305 2324 529 2392 reportaverat:
542 2311 699 2372 maculam
708 2313 815 2372 veteris
825 2310 985 2371 industria
996 2309 1146 2371 laudabili
1155 2313 1217 2373 otio

166 2398 315 2458 abluerat.
330 2399 402 2459 Fuit
415 2399 497 2458 inter
509 2400 663 2481 principes
676 2401 806 2460 civitatis
817 2400 884 2460 sine
895 2401 1049 2481 potentia,
1065 2399 1131 2460 sine
1144 2399 1220 2461 invi·

168 2488 230 2548 dia.
244 2487 456 2564 Salutabatur,
468 2488 640 2562 colebatur,
655 2489 852 2572 multumque
867 2491 900 2548 in
915 2488 1028 2572 lectulo
1039 2487 1157 2569 jacens,
1169 2511 1220 2551 cu-

169 2575 272 2636 biculo
289 2596 422 2659 semper,
443 2596 508 2636 non
523 2598 559 2638 ex
574 2577 702 2638 formna
715 2578 881 2659 frequenti.
900 2579 1091 2640 Doctissimis
1111 2599 1221 2639 sermo-

172 2663 264 2723 nibus
280 2663 343 2723 dias
360 2665 566 2744 transigebat,
589 2686 689 2746 quum
702 2686 721 2725 a
737 2665 899 2726 scribendo
912 2680 1042 2726 vacaret.
1066 2667 1223 2728 Scribebat

171 2751 312 2812 carmina
331 2751 448 2834 majore
470 2773 544 2812 cura
564 2773 659 2835 quam
680 2755 824 2836 ingenio;
846 2774 1088 2835 nonnumquam
1107 2753 1223 2835 judicia

173 2839 340 2902 bominum
354 2842 582 2904 recitationibus
597 2843 818 2926 experiebatur.
833 2844 1017 2918 Novissime,
1040 2843 1084 2902 ita
1097 2841 1224 2905 suaden-

170 2930 254 2990 tibus
268 2931 373 3006 annis,
387 2931 427 2991 ab
441 2932 517 2992 urbe
531 2934 661 3008 secessit,
678 2955 769 3016 seque
779 2934 812 2993 in
823 2933 995 3016 Campania
1009 2933 1127 2994 tenuit:
1139 2954 1224 2994 acne

171 3018 306 3078 adventu
315 3018 440 3099 quidem
452 3022 525 3080 novi
539 3021 687 3104 principis
698 3021 771 3082 inde
780 3021 954 3081 commotus
967 3031 1020 3080 est.
1032 3020 1147 3102 Magna
1162 3023 1225 3082 Cte-

170 3107 245 3167 saris
259 3105 340 3181 laus,
360 3107 417 3166 sub
435 3128 499 3188 quo
517 3105 577 3168 boc
595 3107 727 3170 liberum
748 3108 826 3169 fuit:
848 3125 962 3188 magns
978 3106 1075 3182 illius,
1098 3108 1151 3190 qui
1164 3105 1223 3169 hac

169 3196 310 3257 libertate
324 3217 414 3257 ausus
428 3199 483 3258 uti.
498 3199 573 3259 Erat
581 3204 719 3278 φιλόκαλος
730 3219 828 3281 usqne
836 3197 877 3258 ad
886 3197 1055 3259 emacitatis
1065 3197 1225 3282 repreben-

170 3287 299 3348 sionem.
319 3285 426 3346 Plures
443 3286 551 3348 iisdem
567 3290 602 3348 in
615 3289 688 3350 locis
702 3287 791 3348 villas
806 3286 995 3372 possidebat,
1013 3288 1223 3372 adamatisque

170 3375 272 3452 novis,
290 3376 405 3457 priores
419 3375 601 3458 negligebat.
618 3377 756 3438 Multum
770 3379 887 3460 ubique
900 3375 1070 3454 librorum,
1088 3376 1225 3437 multum

170 3473 357 3538 statuarum,
374 3464 510 3525 multum
526 3466 714 3548 imaginum,
729 3487 805 3548 quas
821 3485 885 3526 nou
902 3462 1035 3526 babebat
1051 3463 1163 3540 modo,
1177 3486 1225 3526 ve·

174 3572 244 3611 rum
257 3553 350 3613 ειὶιιιιι
366 3555 589 3616 venerabatur.
609 3555 730 3638 Virgilii
749 3569 821 3618 ante
837 3575 960 3632 omnes,
980 3553 1067 3637 cujus
1088 3510 1224 3614 natdlem

174 3639 354 3721 religiosius,
366 3664 461 3742 quam
474 3666 581 3721 suum,
592 3645 781 3707 celebrabat·
773 3645 922 3730 Neapoli
934 3665 1079 3721 maume
1094 3643 1148 3704 ubi
1162 3665 1225 3705 mo·

174 3729 348 3791 nimentum
363 3731 427 3814 ejus
443 3733 541 3809 adire,
556 3747 592 3794 ut
607 3733 775 3817 templum,
789 3734 912 3795 solebat
928 3735 965 3794 ln
981 3731 1040 3793 bac
1052 3729 1224 3813 tranquilli-

173 3831 236 3878 tate
243 3839 362 3880 aunum
372 3823 517 3902 quintum
526 3837 557 3885 et
566 3825 826 3926 septuagesimum
837 3825 973 3899 excessit,
987 3821 1116 3883 delicato
1126 3822 1225 3902 magis

175 3925 318 3988 corpore,
332 3929 425 3990 quam
443 3910 578 3974 infirmo.
594 3913 697 3995 thue
708 3913 890 3974 noviuimus
904 3933 922 3972 a
934 3913 1057 3972 Nerone
1070 3910 1168 3971 factus
1180 3922 1226 3970 est

175 3996 297 4072 consul,
312 3998 354 4056 ita
367 4013 537 4081 postremus
549 4023 584 4062 ex
598 4003 744 4064 omnibus
750 4023 850 4085 ,quos
860 3998 1224 4072 Neroconsulesiecerat,

174 4087 309 4148 decessit.
326 4087 405 4148 illud
423 4091 516 4150 etiam
530 4093 681 4170 notabile,
699 4048 829 4154 ultimus
844 4114 879 4155 ex
895 4090 1075 4154 neronianis
1089 4083 1227 4147 consula-

174 4177 260 4239 ribus
276 4176 367 4254 obiit,
383 4199 448 4262 quo
463 4181 588 4243 consule
601 4139 681 4246 lieni
692 4183 789 4266 periit.
