2930 4644
182 390 512 432 fflmw
517 385 1224 414 ΜΜΜἮΜΜΜῚΜΜΜΜἈ

399 604 455 708 C.
495 602 681 708 SlLll
719 597 1008 704 lTALlCl

557 883 809 1011 ,vrri
984 892 988 901 ⁴

357 1281 368 1294 .
441 1182 700 1262 AUCTORE
728 1179 970 1258 CRINITO.

185 1609 236 1708 C.
253 1647 354 1706 Status
367 1647 522 1724 lrasrcns,
536 1650 696 1724 Hernicus,
710 1669 746 1708 ex
760 1649 910 1730 Hispania
923 1644 1073 1706 oriundus
1085 1643 1231 1718 traditur,

183 1733 316 1795 deducto
330 1756 441 1816 genere
455 1735 495 1796 ab
509 1736 613 1796 ltalica
630 1736 708 1797 urbe
722 1735 833 1811 nobili,
850 1735 932 1796 unde
946 1753 1119 1816 cognomen
1134 1751 1233 1814 repon

183 1823 270 1882 tavit.
285 1823 341 1883 Sed
355 1825 459 1885 Romae
473 1837 564 1886 natus
578 1838 636 1901 est,
651 1838 685 1886 ut
698 1825 846 1899 creditur,
861 1837 953 1906 atque
964 1824 1058 1884 etiam
1071 1823 1232 1893 educatus,

182 1931 284 1992 neque
297 1913 427 1975 obscura
440 1911 525 1974 fama
540 1927 593 1974 est.
609 1913 766 1997 Principio
779 1913 990 1975 adolescentiae
1005 1931 1067 1995 pras
1082 1931 1113 1970 se
1128 1908 1231 1968 tulisse

183 2002 335 2084 optimam
348 2003 487 2065 indolem
503 2003 657 2087 capiendis
673 2002 766 2064 literis
783 2003 895 2080 fertum
912 2021 1072 2085 quumque
1085 1998 1185 2060 studio
1202 2009 1233 2056 et

182 2089 341 2173 diligentia
350 2092 548 2154 vehementer
556 2105 723 2176 praestaret,
734 2093 819 2155 brevi
828 2105 1009 2154 consecutus
1018 2103 1072 2164 est,
1082 2102 1117 2149 ut
1126 2089 1231 2147 Romae

180 2178 346 2242 baberetur
359 2182 439 2242 inter
452 2182 622 2265 praecipuos
635 2195 784 2256 oratores,
799 2202 874 2242 nam
885 2201 1000 2262 magna
1014 2177 1136 2238 solertia
1145 2189 1174 2236 et
1185 2174 1231 2233 in·

180 2268 318 2331 credibili
337 2289 412 2331 cura
431 2283 559 2332 conatus
580 2284 625 2330 est
644 2272 813 2354 exprimere
831 2269 875 2329 M.
893 2267 985 2329 Tullii
1006 2265 1231 2348 eloquentiam,

181 2379 274 2439 quem
288 2377 351 2439 prae
367 2361 480 2422 caeteris
493 2359 640 2420 omnihus
658 2359 717 2420 sibi
734 2372 937 2442 proposuerat
955 2355 1151 2417 imitandum.
1169 2350 1231 2411 Sub

181 2445 367 2528 imperatore
375 2447 495 2509 Nerone
504 2448 617 2509 dicitur
626 2447 744 2508 famam
753 2467 842 2508 suam
851 2446 972 2520 lusisse,
985 2443 1130 2504 accusatis
1140 2455 1232 2522 atque

181 2533 366 2594 insimulatis
381 2533 540 2596 nonnullis
551 2536 634 2619 apud
649 2537 847 2596 saevissimum
860 2535 1039 2616 principem.
1052 2534 1132 2592 Cum
1143 2526 1234 2589 Vitel-

182 2621 226 2682 lio
240 2623 331 2704 gessit
344 2643 375 2682 se
391 2624 573 2706 prudenter,
589 2637 621 2686 et
636 2625 757 2708 egregia
769 2625 839 2684 vitae
855 2623 1035 2685 honestate:
1052 2641 1122 2682 mox
1136 2615 1233 2679 factus

184 2725 228 2772 est
241 2711 317 2772 Asiae
332 2713 510 2793 proconsul,
534 2715 567 2774 in
583 2735 646 2796 quo
662 2713 825 2776 manifesto
842 2713 986 2798 apparuit
1001 2725 1117 2802 quanta
1132 2707 1234 2768 mode·
1326 2735 1328 2742 ¹

183 2801 240 2861 stia
254 2814 423 2884 praestaret,
439 2804 543 2885 utqui
558 2824 627 2864 eam
643 2803 824 2886 dignitatem
838 2803 961 2885 gesserit
974 2799 1122 2882 singulari
1137 2795 1235 2857 conti·

183 2891 290 2952 nentia
303 2903 333 2952 et
348 2891 524 2973 integritate
537 2894 680 2954 maxima.
703 2893 882 2954 Domitiano
897 2893 1032 2972 Augusto
1046 2887 1233 2970 gratissimus

181 2977 258 3054 fuit,
280 2999 376 3062 eoque
395 2993 521 3040 auctore
539 2980 704 3063 perductus
719 2995 764 3042 est
779 2981 819 3042 ad
831 2981 958 3042 tertium
972 2975 1166 3040 consulatum
1180 2973 1234 3035 bo·

181 3069 360 3130 uastissimis
378 3069 551 3152 suffragiis:
570 3069 608 3130 de
626 3092 687 3152 quo
701 3070 848 3153 legtmtur
864 3067 965 3132 adbuc
979 3065 1118 3130 versiculi
1134 3077 1232 3149 poetae

179 3157 345 3234 Martialis,
360 3159 473 3240 quibus
488 3161 718 3222 venerationem
730 3183 817 3222 suam
832 3159 1001 3244 profitetur.
1016 3158 1110 3237 (Vide
1123 3157 1156 3216 in
1167 3157 1233 3215 Tes-

180 3247 247 3308 tim.
261 3259 402 3308 veterum
415 3247 514 3324 infra,
529 3271 559 3332 p.
572 3245 645 3331 476,
660 3270 695 3310 ex
705 3249 855 3310 Martialis
870 3248 924 3308 lib.
938 3249 1024 3323 vill,
1039 3247 1135 3330 epigr.
1149 3243 1217 3324 66.)

220 3337 255 3397 C.
272 3335 391 3396 Plinius
407 3337 561 3419 permulta
576 3337 670 3398 refert
683 3337 721 3398 de
735 3353 823 3421 poeta
839 3338 913 3400 Silio
929 3337 962 3398 in
977 3334 1122 3418 epistolis;
1137 3351 1232 3414 quare

181 3425 310 3486 minime
319 3425 457 3488 alienum
466 3427 562 3488 fuerit
570 3427 754 3511 particulam
765 3428 924 3511 subjicere,
939 3446 1002 3508 quo
1012 3423 1131 3486 facilius
1140 3433 1232 3502 atque

181 3513 369 3574 cumulatius
388 3516 588 3598 percipiatur,
609 3538 705 3598 quam
718 3517 851 3601 eleganti
872 3517 996 3599 ingenio
1012 3513 1119 3587 fuerit,
1140 3522 1233 3590 atque

183 3601 282 3662 studio
296 3602 329 3663 in
345 3606 565 3685 prosequendis
576 3605 699 3688 optimis
711 3607 862 3689 exemplis
878 3603 987 3684 (Vide,
1001 3621 1070 3684 quac
1080 3599 1232 3680 sequitur,

184 3687 275 3750 Plinii
289 3692 476 3775 epistolam.)
490 3695 578 3777 Opus
587 3695 761 3778 composuit
769 3693 855 3755 libris
864 3695 963 3769 xvu,
977 3689 1105 3752 debello
1116 3687 1232 3749 Punico

183 3777 331 3854 secundo,
345 3802 411 3842 non
425 3782 559 3864 vulgari,
575 3803 675 3866 neque
688 3781 824 3844 absurdo
839 3781 991 3854 carmine,
1005 3781 1059 3842 etsi
1077 3776 1153 3838 illud
1168 3798 1231 3836 ma·

174 3861 243 3948 jore
260 3887 331 3965 curu
350 3891 439 3950 quam
453 3875 569 3955 iugario
585 3871 720 3956 perfecit.
742 3873 897 3957 Praecipue
913 3871 1078 3932 Maronem
1094 3869 1231 3929 imitatus

182 3967 242 4030 est,
257 3975 342 4037 cujus
355 3955 515 4040 ingenium
529 3973 620 4044 atque
635 3961 843 4022 felicissimam
856 3957 1045 4042 majestatem
1061 3956 1232 4018 admiraba-

181 4045 280 4105 turin
295 4043 500 4110 describendis
514 4050 720 4112 carminibus:
738 4051 776 4114 de
791 4048 849 4112 boc
863 4063 1003 4134 poemate
1017 4047 1083 4108 Silii
1098 4046 1139 4104 sic
1151 4043 1232 4102 Mar·

181 4129 261 4194 rialis
280 4131 389 4194 refert:
408 4123 493 4216 (vide
509 4137 590 4200 infra
606 4163 675 4224 pag.
689 4137 763 4224 4765
779 4163 814 4204 ex
828 4141 918 4202 Mart.
930 4139 983 4200 lib.
994 4133 1047 4211 IV,
1061 4131 1155 4213 epigr·
1171 4125 1230 4204 ¹·l·)
1310 4221 1314 4228 μ

1450 2941 1452 2986 l
