2960 4644
476 331 789 398 PUNICOllUM
814 332 904 395 LlB.
929 335 1003 398 XV.

223 473 280 539 Est
292 472 440 562 genitor:
454 473 549 553 mihi,
562 475 616 540 eui
627 473 752 540 cedunt
763 489 976 564 montesque,
986 475 1158 568 lucusque,

224 581 264 646 Et
275 581 397 670 campi,
410 597 508 669 atque
519 604 646 660 amnes,
660 580 779 646 freter:
793 604 846 646 me
859 593 975 670 inagna
987 585 1170 650 seeundum

223 685 385 774 Carthago
398 702 491 776 putet
503 685 764 752 Hannibalizme
777 686 870 752 Baetis
882 687 915 750 in
930 688 995 752 oris
1215 703 1260 766 750

225 794 367 881 AEquunt
378 816 533 882 germano
545 815 647 882 pussae
660 814 733 856 mea
745 793 857 881 praelia
868 809 992 880 gentes.
1006 822 1018 850 1

223 897 316 961 Talia
329 895 408 962 dum
420 914 594 974 memoret,
608 895 735 984 medios
747 895 875 962 ablutus
888 897 922 961 in
934 896 1059 978 hostes,

116 1046 120 1054 ι
224 1003 270 1066 Ut
280 1024 365 1066 notu
376 1003 542 1091 conspecti
556 1001 717 1066 fulserunt
729 1002 872 1067 consulis
885 1025 990 1080 arms,

225 1112 358 1176 Hastam
371 1131 583 1200 praepeopero
596 1110 669 1174 nisu
677 1109 775 1199 jecit:
789 1108 843 1173 illu
856 1132 916 1196 per
928 1131 1000 1174 ntus

223 1221 321 1284 AErati
333 1219 430 1306 clipei
443 1235 477 1282 et
487 1218 596 1282 loricae
609 1217 754 1304 tegmina
766 1240 896 1282 summo

223 1321 342 1389 Incidit
352 1321 441 1388 baud
454 1322 534 1388 felix
544 1322 700 1400 humero,
715 1344 879 1412 parceque
892 1324 1034 1410 petitum

223 1429 414 1494 Perstrinxit
425 1449 560 1516 corpus,
574 1449 637 1492 uec
648 1428 753 1491 multo
767 1428 865 1492 tinctu
878 1450 1014 1492 eruere:

225 1533 315 1596 'Vane
328 1530 386 1595 sed
399 1533 526 1618 optanti
539 1531 688 1619 promisit
700 1527 817 1618 gaudie
830 1534 941 1596 Poeno.

267 1633 907 1725 Turbatiliutuli,confusequepectore
921 1635 991 1699 visu
1256 1719 1258 1722 Ι

225 1744 402 1810 Terriiieo:
416 1745 1036 1832 tunciuerepitunsconemineconsul:
1219 1761 1264 1822 760

227 1879 244 1910 u
254 1850 416 1916 Femineis
428 1849 542 1916 laesum
555 1873 638 1916 vena
650 1851 736 1915 inter
747 1872 869 1914 cernue
883 1872 1002 1937 corpus

224 1956 413 2045 Unguibus,
426 1971 484 2022 aut
495 1957 612 2046 palmis
625 1955 739 2022 credes
751 1955 933 2046 puerilibus
946 1955 1058 2022 ictum.

123 2167 125 2172 .
222 2149 274 2196 up.
287 2137 321 2190 ll,
334 2134 357 2190 i.
368 2159 398 2171 -
407 2135 460 2198 751.
472 2137 558 2200 AEquut
570 2135 618 2182 Cel.
629 2160 661 2172 -
670 2136 722 2200 ⁷⁵²·
738 2135 984 2192 radamantum,
998 2134 1035 2198 tel
1044 2136 1149 2199 aufertur
1159 2138 1182 2180 in
1193 2134 1267 2183 buttes

220 2205 285 2265 ennj.
298 2210 384 2270 liautq.
397 2233 427 2244 —-
440 2209 493 2271 755.
508 2209 602 2273 teyntuna
613 2209 665 2256 Put.
677 2221 748 2255 recte.
758 2211 810 2256 Vox
820 2209 892 2271 petite
904 2224 932 2255 ex
943 2209 1009 2268 Virg.
1023 2207 1109 2254 AEneid.
1120 2209 1153 2264 X.
1166 2207 1224 2270 d76,
1239 2225 1266 2255 eu

224 2289 271 2337 qun
284 2275 335 2322 inco
347 2279 415 2322 etium
428 2281 521 2342 reymirru
532 2292 621 2324 stimma
632 2279 743 2340 suspicari
752 2281 825 2340 putuit
835 2293 889 2324 cum
900 2276 971 2323 lirul.
986 2275 1010 2322 h.
1021 2292 1043 2324 e.
1055 2280 1202 2339 superiorein
1211 2277 1268 2324 inri-

224 2360 256 2390 εκ
269 2358 365 2406 purtem.
378 2345 423 2392 Sed
439 2361 525 2392 suntme
541 2347 633 2394 hutnore
644 2362 691 2393 nou
702 2349 778 2394 minus
792 2349 852 2394 bene
869 2359 892 2393 et
908 2345 991 2392 eudem
1006 2361 1075 2393 uentu
1090 2347 1180 2394 dieitur.
1191 2346 1267 2409 Vulgo

225 2420 326 2480 tepmt'ne.
339 2442 370 2453 -
381 2419 434 2480 757.
446 2419 587 2464 presensit
596 2419 715 2466 eruendus.
727 2431 750 2466 et
762 2419 834 2465 edidit
844 2419 926 2465 Leieb.
938 2423 967 2465 At
980 2420 1025 2465 vid.
1039 2430 1087 2465 not.
1097 2445 1127 2456 -
1138 2419 1190 2484 760.
1205 2425 1267 2466 Tune

226 2489 300 2532 Oxun.
314 2488 365 2532 Put.
379 2489 439 2536 etti.
456 2503 481 2542 t,
496 2488 525 2534 ud
537 2503 608 2549 marg.
623 2489 687 2552 quod
698 2501 761 2536 reete
773 2500 913 2550 receperunt
923 2488 1004 2535 Leieb.
1019 2500 1043 2536 et
1053 2491 1108 2536 Ern.
1118 2485 1194 2552 Vulgo
1208 2499 1270 2547 tum,

226 2565 306 2600 rontru
318 2557 384 2599 metri
395 2554 465 2616 leget.
478 2580 508 2590 -
521 2555 668 2616 7611111111
679 2559 741 2618 conj.
757 2559 859 2604 Gronov.
872 2559 939 2604 ubst.
952 2559 976 2614 l,
991 2573 1026 2619 ¹7·
1042 2559 1130 2605 Deinde
1142 2575 1201 2604 tune
1213 2562 1272 2604 inter

226 2626 333 2678 erimine,
345 2623 382 2669 tel
392 2640 449 2670 veno
460 2628 587 2681 conamine,
596 2627 762 2673 vetuerimne
772 2628 862 2674 emend.
874 2631 961 2690 lisuttp
972 2645 1031 2673 uunu
1040 2631 1180 2694 interjurqiu
1192 2629 1269 2676 Bertli.

228 2693 287 2744 Δάν.
303 2695 347 2750 lli,
368 2711 407 2756 17,
424 2707 448 2741 ut
461 2699 583 2744 litineiuu.
599 2699 667 2746 lieete
679 2702 784 2746 Ernesti:
801 2703 910 2764 «laepia,
928 2717 974 2746 non
990 2715 1087 2756 comite,
1102 2705 1164 2748 omni
1177 2701 1270 2748 consiliu

227 2766 405 2826 eomputationis
420 2777 472 2827 epta
487 2778 539 2813 tunt
554 2784 560 2813 1
576 2781 628 2813 nem
645 2769 669 2814 iu
685 2771 770 2816 severit
783 2771 865 2830 jurgiis
877 2782 939 2816 erret
954 2767 1065 2825 fortene,
1078 2771 1118 2832 qui
1134 2770 1272 2815 feminarum

227 2848 316 2894 unguet
332 2833 394 2880 levet
407 2835 444 2880 vel
456 2851 538 2882 tuum
550 2838 667 2884 existimet.
679 2859 689 2880 ι
704 2839 750 2885 Sed
763 2839 881 2901 qtmtnodu
896 2837 981 2884 librarii
992 2853 1076 2884 comen
1087 2855 1131 2901 pro
1144 2842 1237 2902 jurqit's,
1249 2853 1275 2887 et

228 2917 275 2957 tam
286 2904 402 2953 difficilem
414 2908 522 2970 expeditu
530 2907 653 2956 lectionem
661 2926 705 2972 prn
717 2923 762 2956 tem
772 2912 893 2972 perspicue
903 2925 931 2958 ee
941 2908 1028 2971 uulgari
1037 2910 1176 2956 substituere
1187 2924 1272 2974 potue-

498 2983 516 3030 0

265 3046 324 3117 750.
340 3049 416 3105 Boetis
429 3051 456 3103 in
468 3051 531 3120 oris,
544 3055 571 3105 in
583 3055 727 3126 Hispanie;
773 3072 804 3106 ex
816 3067 909 3106 nostro
921 3053 982 3106 loeo
994 3053 1134 3124 probabile
1150 3056 1192 3106 sit.
1207 3053 1273 3106 llas-

229 3127 301 3184 cnni.
314 3129 348 3180 ad
359 3133 383 3197 Ι,
399 3131 455 3197 146.
467 3162 501 3171 -
511 3132 571 3202 752.
583 3133 661 3186 Coni.
671 3136 727 3186 Liv.
773 3147 800 3188 tu
815 3136 929 3206 primum
941 3153 990 3206 per
1003 3133 1082 3206 clipei
1099 3151 1170 3186 orum
1178 3172 1188 3200 ,
1203 3135 1274 3188 uitru-

229 3207 339 3274 XllVll,
350 3210 391 3280 49.
402 3241 439 3250 -
447 3210 548 3264 ablutus
558 3231 637 3264 cursu
647 3227 672 3265 et
684 3217 729 3264 im·
772 3233 821 3280 eye,
840 3213 935 3266 deinde
952 3233 1002 3284 per
1013 3213 1123 3266 loricam
1139 3213 1234 3268 educta
1245 3216 1273 3266 in

228 3299 306 3358 petru
323 3289 357 3340 ef.
374 3289 408 3342 etl
420 3291 451 3356 V,
463 3289 524 3345 633.
537 3323 573 3332 -
586 3291 645 3362 753,
664 3293 729 3344 «tn-
773 3291 929 3344 itumerurn:
943 3291 971 3342 id
984 3292 1056 3362 quod
1069 3293 1154 3345 verbis
1169 3295 1273 3365 perspi-

228 3379 269 3417 ter
288 3368 398 3424 Livium.
414 3369 662 3444 Hasdrubalemque
686 3373 729 3424 in·
774 3374 831 3424 cuis
843 3371 935 3435 Silius,
951 3384 977 3423 et
989 3372 1066 3423 blare
1081 3371 1162 3444 paulu
1178 3373 1275 3426 obscu-

229 3463 294 3516 gens
313 3461 481 3501 contractum
503 3462 637 3502 certamen
656 3464 730 3516 erat,
775 3451 890 3504 rioribus
908 3452 1038 3503 enuntiet.
1054 3481 1089 3490 -
1103 3449 1164 3522 756.
1184 3471 1275 3521 parce,

232 3526 359 3597 stru'xque
380 3526 464 3580 eaedes
481 3530 615 3600 utrimque
634 3529 731 3582 edebe·
775 3529 1277 3603 levitenperstrinxit,utstriuxiiupud

232 3614 289 3670 tur,
303 3617 375 3658 ete.»
390 3607 446 3658 liv.
464 3627 488 3658 e.
509 3608 552 3674 48.
571 3611 638 3660 llinu
651 3621 732 3682 poete
776 3613 848 3680 Virg.
862 3609 879 3662 l.
894 3630 917 3662 e.
931 3609 1003 3662 enni.
1016 3609 1094 3677 adv,
1105 3610 1205 3680 273sq.

231 3680 319 3753 fingit,
332 3687 433 3739 Litium
446 3687 479 3740 eb
492 3687 659 3742 Hasdrubale
674 3689 732 3742 vul·
813 3691 874 3760 759.
884 3688 989 3754 Rutuli,
1001 3691 1122 3742 Romani.
1133 3721 1166 3729 -
1175 3691 1224 3761 762
1237 3710 1275 3764 sq.

232 3775 353 3814 neretum
368 3783 434 3818 esse.
512 3825 519 3832 ,
549 3805 554 3814 .
774 3773 870 3823 ltnitet.
887 3772 994 3822 ilnmer.
1007 3769 1083 3822 llied.
1100 3787 1128 3832 λ,
1141 3773 1206 3842 389:
1224 3775 1279 3824 Οὐκ

269 3844 320 3910 764
335 3863 389 3916 seq.
406 3848 501 3900 imitat.
514 3851 605 3920 virgil.
621 3852 678 3901 AEn.
691 3851 730 3918 ll,
776 3849 870 3916 ἀλέγω,
891 3851 942 3900 riuti
958 3870 989 3916 μι
1007 3849 1064 3916 perti
1084 3849 1167 3913 βᾶλω,
1188 3848 1202 3904 ti
1222 3850 1279 3906 πάϊς

234 3921 287 3990 476
297 3940 336 3992 sq.
350 3925 396 3976 ubi
409 3929 521 3998 repentina
534 3948 634 3980 stimme
647 3928 681 3980 ntl
694 3928 731 3979 ln·
766 3929 861 3998 ,ἅψῃ
871 3949 948 4000 equo
957 3948 1012 3982 uno
1021 3929 1088 3984 duos
1096 3949 1187 3983 versus
1198 3931 1280 3981 efficit

235 4001 332 4066 ricem,
346 4021 400 4055 nun
415 4009 504 4058 emnia
517 4007 550 4057 ad
563 4007 679 4076 clipeum
693 4027 734 4061 re·
779 4008 874 4070 sitius;
893 4011 925 4061 l).
943 4011 1032 4061 lleins.
1054 4039 1088 4048 -
1104 4027 1201 4061 cernitu
1219 4009 1280 4057 linr-

233 4079 342 4141 ierentln
363 4101 434 4150 esse,
452 4103 482 4138 ex
496 4104 553 4136 voc.
570 4085 691 4153 turudum,
709 4100 734 4142 et
781 4085 853 4140 titius
865 4086 950 4156 (Atlr.
967 4090 1018 4156 tx,
1034 4087 1081 4160 17)
1094 4087 1175 4138 reiert
1191 4081 1224 4134 etl
1240 4083 1284 4142 in·
