2930 4644
356 379 420 444 DE
443 377 562 444 SlLll
586 375 701 440 VlTA
724 375 787 440 ΕΤ
810 375 1045 442 CARMlNE.
1164 376 1227 458 443

177 517 342 597 septimum
357 529 413 580 aut
427 529 571 578 octamm
586 516 777 578 Punicorum
788 513 903 578 librum
919 516 953 580 in
964 519 1044 578 notis
1057 517 1231 578 meminisse

177 624 242 666 non
255 608 416 688 potuerim.
429 607 475 666 Jo.
487 607 592 668 Herm.
601 601 829 678 ocumanius,
842 605 1047 668 Historiarum
1058 617 1155 688 atque
1162 604 1231 665 Elo-

177 699 312 777 quentis*
327 698 488 778 Marpurgi
505 697 672 758 Bassorum
689 694 844 759 Professor
866 693 1054 772 ordinarius,
1074 717 1173 778 quum
1197 715 1233 755 ex

179 786 281 862 laelio,
300 786 347 848 SS.
363 785 533 869 Theologiss
550 785 633 869 apud
650 785 832 852 Basileemoe
850 783 1032 860 professore,
1044 785 1193 848 audivisse
1203 805 1234 845 se

180 877 381 950 meminisset,
395 896 467 938 eum
479 889 552 938 ante
562 874 798 957 quatuordecim
809 872 979 936 admodum
991 893 1089 936 annes
1100 895 1154 957 per
1166 872 1236 933 Hel·

182 963 295 1024 vetium
309 965 557 1045 peregrinantem
567 965 674 1046 Tiguri
689 965 723 1026 in
741 962 988 1044 manuscriptum
1000 960 1064 1022 Silii
1079 961 1158 1021 forte
1173 960 1235 1020 ior-

180 1059 258 1112 tuna
269 1050 423 1127 incidisse,
440 1049 518 1112 nilril
536 1052 619 1134 apud
636 1053 773 1117 amicum
792 1051 999 1133 pretermisit,
1016 1061 1051 1108 ut
1066 1047 1130 1131 ejus
1145 1041 1236 1130 opera

182 1139 292 1202 codicis
303 1141 385 1204 illius
396 1157 535 1224 excerpta
547 1141 625 1206 mihi
636 1147 803 1224 impetrare
816 1154 923 1224 posset.
934 1139 1041 1216 Quum
1052 1159 1124 1200 vero
1136 1136 1238 1199 laelius

181 1249 217 1290 ea
228 1229 308 1294 dere
318 1253 391 1298 curn
400 1233 599 1314 Hotsingsro‚
609 1231 763 1314 Theologo
772 1233 935 1314 'ligurium
947 1232 1066 1314 egisset,
1079 1232 1164 1310 isque
1175 1247 1239 1287 non

183 1318 275 1382 modo
293 1318 409 1382 librum
426 1319 622 1396 conferendi,
639 1341 748 1384 serum
767 1322 907 1402 insuper,
926 1317 1010 1401 quod
1030 1338 1099 1378 raro
1115 1315 1240 1377 mnosdi

184 1404 273 1482 solet,
289 1406 329 1469 ad
345 1407 469 1472 laelium
485 1407 629 1471 mittendi
645 1420 826 1490 potestatem
841 1420 871 1470 et
889 1404 1078 1492 bibliothecas
1096 1405 1242 1466 curatori·

184 1492 242 1555 bus
253 1514 289 1555 ae
301 1493 449 1577 praelectis
465 1497 669 1578 impetrasset3
681 1497 811 1558 excussis
822 1494 966 1556 omnibus
978 1491 1099 1574 angulis
1115 1491 1242 1553 tandem

186 1595 294 1664 proetsr
305 1605 392 1666 spem
401 1585 495 1648 codex
505 1585 585 1662 Silii,
602 1606 699 1666 quarn
714 1585 943 1667 diligentissime
959 1585 1120 1665 quaesitus,
1136 1583 1242 1664 'liguri

186 1692 252 1732 non
264 1675 424 1756 reperitur.
437 1675 478 1736 Ut
489 1675 565 1739 adeo
581 1675 762 1759 persuadent
777 1675 835 1737 sibi
851 1673 968 1748 lselius,
983 1671 1032 1733 vel
1047 1671 1244 1734 membranas

187 1758 255 1820 illas
270 1761 388 1824 interea
399 1765 545 1846 temporis
556 1763 686 1828 scelestis
697 1763 842 1826 manibus
853 1783 888 1824 ex
898 1757 1083 1822 bibliotheca
1095 1761 1243 1841 Tigurina

112 1919 118 1930 Ι
186 1846 433 1929 subreptas‚'aut
449 1851 484 1910 in
502 1850 636 1915 latebras
652 1849 825 1914 infortunio
842 1848 978 1932 quodam
999 1861 1117 1912 amotas
1137 1847 1244 1922 fuisse,

185 1935 249 2012 vel,
262 1959 361 2018 quum
372 1937 403 1998 id
416 1939 456 2000 ob
468 1941 656 2024 singularem
671 1960 795 2014 eorum,
807 1957 941 2021 quorum
958 1956 1039 1998 curas
1056 1934 1120 1996 hoec
1136 1935 1245 1997 biblio·

185 2021 274 2089 theca
286 2028 445 2091 commissa
456 2041 514 2104 est,
530 2027 724 2112 diligentiam
742 2026 830 2088 nullo
847 2024 938 2088 modo
954 2024 1116 2086 verisimile
1131 2023 1245 2084 videss-

186 2127 253 2190 tur,
265 2113 388 2191 Silium,
400 2137 494 2199 quem
506 2139 537 2180 se
549 2119 795 2201 manuscriptum
807 2117 913 2198 Tiguri
924 2113 1047 2189 vidisse,
1059 2127 1090 2174 et
1101 2114 1245 2174 manibus

186 2215 330 2264 tractate
340 2203 496 2281 nodabat,
506 2207 539 2268 in
549 2207 686 2289 quodam
697 2205 844 2270 Helvetiae
855 2204 1055 2277 monasterio,
1065 2200 1151 2285 cujus
1161 2220 1246 2261 nnnc

186 2293 337 2356 memoria
347 2313 412 2357 non
424 2295 603 2359 occurrebat
618 2296 727 2379 (plura
744 2296 829 2360 enim
844 2291 932 2356 libris
946 2293 1071 2354 vetustis
1082 2289 1246 2371 haudqua-

186 2401 283 2464 quam
302 2381 447 2446 destituta
467 2384 573 2446 eodem
595 2388 628 2449 in
649 2387 759 2448 itinere
781 2383 1048 2466 perlustraverat),
1068 2377 1246 2440 adhucdum

185 2467 298 2542 latere3
311 2469 361 2532 sed
373 2470 474 2553 cujus,
486 2473 511 2532 si
527 2493 624 2554 quam
635 2473 769 2535 maxime
781 2472 985 2538 meminisset,
996 2467 1037 2528 ob
1049 2486 1181 2548 nuperos
1193 2485 1249 2548 per

189 2555 363 2622 Helveusm
374 2571 477 2620 motus
489 2571 520 2619 et
532 2562 709 2624 animosum
719 2559 843 2620 dissidia
858 2556 983 2621 videndi
999 2568 1054 2618 aut
1071 2552 1248 2616 conferendi

191 2643 279 2706 nulle
294 2665 360 2727 spes
375 2661 541 2729 supererat.
558 2649 687 2710 Interim
703 2647 785 2711 idem
802 2644 1030 2719 Schminckiue
1048 2645 1179 2723 quinon
1192 2641 1249 2700 mi·
1349 2706 1356 2720 ⁶

194 2751 253 2792 nus
270 2735 360 2807 meis,
370 2753 469 2814 quam
479 2735 526 2794 sui
538 2735 632 2817 ipsius
643 2733 812 2796 commodis
824 2733 969 2796 inservire
980 2729 1135 2813 cupiebat,
1151 2749 1247 2808 quum

193 2822 286 2884 etiam
303 2824 336 2884 in
348 2823 532 2886 bibliotheca
544 2823 788 2908 Guelferbytana
804 2823 868 2886 Silii
883 2823 1018 2884 codicem
1034 2820 1147 2884 servari·
1163 2817 1251 2878 intel·

192 2907 314 2993 ligere,
332 2931 398 2972 non
414 2925 487 2974 ante
502 2915 693 2995 conquievit,
711 2933 808 2994 quam
824 2909 994 2983 Essemus,
1013 2905 1165 2970 Professor
1181 2904 1251 2966 ilel-

195 2998 426 3076 maestadiensis,
443 3003 613 3084 recepisset,
631 3023 662 3062 se
676 3004 776 3064 varias
790 3000 854 3084 ejus
866 2999 1009 3063 lectiones
1020 3006 1251 3077 sumpturum,
1276 3069 1286 3084 ·

192 3101 223 3152 et
238 3087 278 3150 ad
292 3108 343 3148 me
358 3090 538 3164 missurum,
554 3091 608 3171 qui
627 3101 748 3164 tamen,
765 3110 864 3170 quum
880 3109 915 3150 ex
934 3085 987 3148 illo
1008 3097 1144 3165 tempore
1159 3081 1251 3140 variis

192 3180 321 3262 negotiis
339 3177 494 3262 inpeditus
512 3178 618 3256 fuerit,
635 3192 705 3242 tum
724 3179 865 3262 inprimis
880 3177 1029 3259 quoniam
1048 3173 1076 3234 ei
1094 3171 1250 3253 provincis

192 3267 352 3332 historiam
370 3290 405 3344 ao
424 3289 471 3330 res
487 3284 586 3352 gestas
603 3271 726 3353 Georgii
741 3271 770 3345 1,
787 3270 876 3351 llegis
894 3267 1017 3348 Magnas
1036 3263 1203 3326 Britannia
1223 3273 1253 3320 ct

193 3359 339 3424 Electoris
356 3359 581 3422 Brunsvicensis
597 3358 808 3421 conscribendi
826 3358 955 3439 inposita
973 3356 1026 3430 sit,
1040 3350 1133 3412 fldem
1145 3349 1252 3411 datam

194 3447 295 3512 adhuc
306 3445 422 3508 solvere
434 3443 606 3528 prohibitus
617 3460 670 3508 est.
683 3447 727 3506 Eo
739 3466 810 3506 vero
824 3443 979 3506 molestius
995 3440 1068 3515 tuli,
1082 3452 1253 3519 utrumque

195 3539 253 3600 hoc
269 3541 428 3620 negotium
444 3538 478 3596 in
493 3535 618 3598 fumum
633 3536 754 3611 abiisse,
772 3533 854 3617 quod
867 3531 959 3594 simul
970 3550 1095 3592 omnem
1108 3549 1192 3610 spem
1205 3547 1254 3588 co-

196 3628 274 3690 dices
286 3627 366 3700 aliis,
378 3627 431 3708 qui
444 3625 514 3686 Silio
525 3646 616 3710 opem
627 3625 782 3700 tulerunt,
796 3643 861 3682 non
872 3623 949 3682 visos
962 3613 1158 3680 nanciscendi
1171 3615 1253 3698 peni·

197 3733 246 3780 tus
262 3715 339 3778 mihi
356 3717 511 3799 praecisam
527 3736 693 3778 cernerem.
714 3715 793 3774 Nam
813 3725 925 3795 praeter
941 3707 1150 3787 manuscripta
1168 3703 1254 3766 volu-

198 3808 299 3880 mina,
311 3823 444 3886 quorum
456 3805 547 3867 modo
559 3807 703 3880 memini,
716 3815 746 3864 et
757 3823 807 3876 ea,
824 3821 894 3882 quse
905 3799 1048 3860 Heinsius
1063 3794 1177 3876 aliique
1190 3793 1253 3855 Silii

199 3899 377 3977 interpretes
388 3893 607 3957 consuluerunt
619 3908 712 3976 atqsw
723 3904 933 3964 excusserunt,
945 3905 1080 3970 quornm
1096 3884 1253 3966 integerri-

198 4005 288 4048 mum
299 3987 391 4046 enam
402 3996 494 4066 atque
504 3987 628 4068 optimu
641 3997 721 4044 notae
736 3982 918 4044 Coloniense
933 3977 1054 4042 dudum
1072 3976 1194 4058 periisse
1210 3988 1254 4033 est

198 4072 284 4156 qaod
296 4073 493 4153 suspicemur,
505 4073 565 4132 rari
577 4093 632 4155 per
642 4072 801 4152 Europam
813 4082 909 4151 possse
923 4065 1018 4127 nostri
1031 4063 1155 4123 Codices
1170 4077 1254 4138 repe-

201 4167 341 4236 riuntur,
357 4175 387 4221 et
403 4163 517 4236 neseio,
532 4181 574 4222 an
590 4161 708 4244 plures,
723 4181 820 4243 quam
836 4157 1058 4220 recentissimus
1076 4149 1142 4221 ille,
1161 4165 1255 4226 quem
