2960 4644
437 423 749 491 runrconuu
772 423 865 488 unt.
890 425 963 491 xv.
1157 429 1218 514 257

185 569 384 634 permixtum
397 569 520 646 Poenis,
534 583 567 632 et
577 568 631 631 vix
643 563 809 632 credenda
822 567 1000 650 furentem,

184 675 341 762 Magnum
356 673 543 753 Dardaniae,
556 673 650 753 Laeli,
664 670 780 752 deous;
794 673 903 737 omniu
917 673 993 738 felix

186 781 246 843 Cui
259 799 373 844 notura
386 780 492 860 dedit,
506 779 597 845 nullo
609 795 770 844 renuente
783 780 940 843 Deorum.

174 885 247 985 ‘Ille
260 887 333 952 foro
345 887 491 968 auditus,
506 911 609 976 quum
623 884 731 951 dulcia
743 887 886 951 solverat
898 908 969 965 ora,
1181 903 1225 958 455

188 995 348 1083 AEquebut
359 996 456 1086 Pyliae
467 995 581 1061 Neleia
592 994 689 1059 mella
702 1011 852 1060 senectae.

190 1099 263 1180 llle,
278 1101 334 1167 ubi
346 1104 496 1190 suspensi
509 1104 635 1180 Patres,
649 1117 682 1166 et
694 1103 784 1166 curia
795 1123 912 1167 vocem

190 1208 355 1286 Posceret,
370 1225 406 1274 ut
418 1225 532 1286 cantu,
545 1205 689 1272 ducebat
700 1207 799 1272 corda
812 1211 960 1274 Senatus.

191 1311 299 1390 Idem,
313 1337 416 1401 quum
429 1312 575 1378 subitum
588 1335 705 1401 campo
717 1315 951 1400 perstrinxerat
962 1335 1058 1378 aures

191 1421 345 1482 Murmur
357 1420 448 1482 triste
461 1417 563 1496 tubae,
577 1434 668 1483 tanto
680 1418 810 1482 fervore
821 1418 940 1483 ruebat
1191 1433 1236 1491 460

194 1527 232 1588 ln
245 1546 392 1613 pugnam
405 1525 506 1614 atq'ue
517 1525 617 1604 acies,
631 1539 669 1587 ut
680 1539 794 1588 natum
806 1523 848 1589 ad
861 1525 930 1589 sola
941 1525 1084 1614 liqueret

227 1689 282 1747 452.
289 1689 417 1754 fumiae..
430 1691 554 1736 Dardem'oe
564 1689 613 1738 Col.
626 1716 658 1726 -
670 1691 723 1748 455.
741 1690 838 1738 ίοίυιηί
851 1691 901 1738 Col.
917 1704 940 1738 et
950 1688 1008 1738 Tell.
1021 1704 1047 1738 ut
1057 1707 1079 1737 v.
1093 1692 1153 1754 459,
1169 1710 1240 1758 quum

195 1761 367 1824 persta-imma.
375 1759 559 1822 Vulgoaolveret
568 1783 598 1796 -
605 1759 658 1817 456.
668 1757 735 1806 mella
742 1760 791 1807 Col.
800 1761 898 1806 membru
905 1763 947 1806 Ox.
957 1773 980 1807 et
988 1762 1038 1807 l'ut.
1045 1759 1240 1822 vituperando.—

197 1832 251 1890 458.
260 1839 356 1877 etcontu
364 1833 433 1878 Μηνὶ
442 1834 530 1878 Veneta
538 1835 653 1893 posterior
663 1844 685 1879 et
694 1833 747 1878 inde
760 1832 821 1888 aliae,
832 1834 912 1877 attenti
920 1833 942 1876 d.
950 1847 971 1878 e.
982 1841 1073 1878 senatus
1083 1831 1143 1892 conj.
1154 1835 1238 1898 Dourq.

158 1965 161 1972 Ι
198 1904 371 1966 Mel-459·
384 1904 481 1952 auditam
487 1904 705 1960 Putsubr'toetuboe,
719 1905 1184 1966 versabimauresopinebnurnuetns.
1196 1907 1241 1954 Sed

198 2051 250 2099 tina
263 2043 400 2114 habenda,
417 2049 511 2121 pater)
528 2050 558 2102 C,
568 2050 641 2104 Laelii
652 2049 697 2104 Se·
743 2064 810 2124 grat.
825 2064 875 2102 aot.
889 2068 912 2102 o.
928 2049 1081 2120 8(ubirid.
1096 2049 1241 2118 Heius.)et

198 2129 310 2200 pientio,
324 2129 370 2200 qui
382 2129 556 2182 amicissimus
570 2130 698 2182 Africano
744 2128 778 2182 al.
800 2128 881 2182 Dralt.
896 2159 930 2170 -
944 2141 1063 2195 senectae,
1080 2130 1157 2180 senie.
1178 2129 1241 2198 upi-

200 2208 296 2259 minori
309 2219 335 2258 et
344 2205 576 2279 eloquentiasimue
587 2210 651 2274 fuit,
663 2208 699 2261 ud
744 2208 818 2262 theta
835 2208 928 2279 Pylius
942 2221 968 2260 et
984 2207 1091 2260 Neleius
1102 2209 1200 2260 centies
1216 2210 1243 2259 in

201 2305 280 2356 quem
291 2287 381 2356 itaque
393 2289 560 2357 potissimum
574 2286 631 2340 lana
643 2287 698 2339 ltreo
743 2290 830 2360 poetis
838 2287 931 2356 obvio,
939 2305 987 2339 neo
996 2286 1074 2360 longe
1082 2291 1163 2358 petita
1173 2299 1243 2352 sunt,

200 2378 310 2439 spectat.
322 2365 399 2418 Silius
407 2367 476 2419 enim
487 2369 524 2419 ito
534 2367 699 2420 confundere
744 2379 773 2418 ut
785 2380 861 2438 putat
876 2367 995 2418 Ernesti:
1011 2386 1073 2418 nam
1085 2368 1183 2418 Nestor
1195 2368 1245 2417 fuit

200 2449 323 2510 uomina,
340 2445 397 2510 vel,
414 2464 479 2516 quaa
497 2445 608 2498 necilli
625 2446 699 2500 ideae
745 2445 814 2500 filine
826 2447 920 2513 Nelei,
936 2450 1046 2518 ejusque
1063 2447 1137 2518 regia
1151 2445 1245 2516 Pylos,-

202 2522 394 2595 subgerebxut‚
409 2542 543 2594 quamque
557 2523 608 2576 hae
620 2543 701 2578 occa·
746 2529 822 2596 eujus
833 2529 947 2578 nominis
959 2525 1017 2578 dure
1027 2525 1107 2577 urbes
1118 2527 1146 2576 io
1155 2524 1246 2592 Elide,

203 2605 278 2654 aione
285 2601 435 2653 doctrinam
445 2613 579 2653 ostentare
588 2615 702 2672 poterat,
746 2607 824 2676 Pylon
832 2602 1017 2676 Triphyliaros
1026 2617 1052 2653 et
1061 2603 1180 2664 Erineos,
1191 2604 1248 2655 lue·

205 2698 360 2752 expromere
379 2679 459 2742 solet,
480 2698 505 2728 v.
524 2680 631 2746 olllv,
653 2683 701 2750 461
748 2703 835 2750 τωο
847 2685 924 2734 tertia
937 2684 966 2733 in
976 2683 1116 2733 Messenia.
1130 2682 1247 2732 Priorem
1349 2686 1351 2704 ¹

206 2779 280 2830 aqu,
301 2760 350 2826 ⁵²7
364 2775 402 2828 sq.
417 2770 443 2809 et
455 2757 489 2809 al.
504 2759 613 2831 passim.
630 2761 703 2811 Talia
748 2759 821 2814 illam
833 2761 956 2812 Nestorei
968 2760 1040 2830 regni
1053 2757 1142 2810 sedem
1154 2760 1249 2825 luisse,

208 2838 314 2910 quidem
329 2839 427 2908 ingenii
439 2835 512 2889 lusus
524 2851 551 2890 et
566 2838 617 2890 tale
627 2857 706 2890 orna·
749 2837 890 2911 probabile
900 2839 927 2889 lit
938 2855 969 2890 ex
979 2839 1023 2902 iis,
1038 2855 1095 2908 quae
1106 2837 1171 2890 dixit
1180 2839 1251 2892 Stru-

208 2933 249 2971 tus
260 2917 395 2988 querendi
405 2916 536 2981 studium,
548 2919 576 2968 in
590 2921 705 2970 nomini·
749 2919 800 2984 bo,
812 2917 858 2969 lib.
869 2917 941 2980 vul,
953 2937 981 2988 p.
993 2917 1044 2986 519
1057 2931 1082 2969 et
1093 2917 1153 2988 52‘9.

206 3000 256 3051 bus
271 2999 403 3070 precipue
414 3011 467 3048 tam
477 2999 563 3062 notis,
574 3015 668 3050 vereor
677 3011 706 3050 ut
786 2998 837 3068 457
851 3015 890 3068 aq.
903 2996 998 3048 Laelius
1011 2999 1038 3047 iu
1049 2997 1215 3049 consulendo
1225 3013 1253 3052 et

206 3078 296 3130 multia
307 3076 422 3148 plnreat.
438 3075 603 3148 singularem
616 3089 705 3130 tamen
749 3075 938 3151 persuadendo
955 3079 1066 3130 artilex:
1086 3075 1149 3130 illue
1168 3082 1251 3150 perti-

208 3157 286 3229 hujus
294 3157 347 3208 loci
356 3155 707 3228 elegantiamettuavitatem
750 3170 816 3211 nent
831 3159 944 3229 suspensi
950 3195 959 3223 ,
974 3158 1063 3224 dubii,
1078 3161 1170 3211 incerti
1186 3161 1250 3230 quid

207 3256 278 3302 ease,
303 3236 376 3307 quod
395 3255 428 3288 ne
447 3233 503 3307 ipse
520 3235 627 3306 quidem
646 3237 707 3289 Cle·
750 3236 1251 3310 aequantur,lruceontus,oumcujus

207 3338 290 3382 mene,
301 3319 407 3386 iniquus
416 3313 539 3367 carminis
547 3315 638 3368 Siliani
647 3335 707 3368 een·
751 3317 870 3371 efficacia
902 3315 1044 3370 dexteritas
1072 3317 1251 3389 persuadendi

208 3416 265 3464 aor,
285 3396 419 3466 negaverit
435 3393 525 3464 (ueni
538 3395 571 3446 de
583 3397 705 3467 critique,
751 3397 1002 3468 eomparatqurn.
1013 3397 1251 3469 Eleganteroretor

207 3480 238 3531 Τ.
251 3479 275 3544 Ι,
285 3495 311 3548 p.
326 3475 359 3529 85
368 3473 391 3545 )‚
402 3486 473 3526 reete
484 3474 587 3525 monuit
599 3473 660 3524 Ern.
671 3504 707 3512 —
751 3475 849 3528 dicitur
860 3475 952 3528 ducere
963 3474 1113 3541 auditores,
1131 3491 1161 3527 ut
1179 3477 1252 3548 apud

210 3559 322 3627 Pyrenea
338 3553 427 3620 tellus,
447 3555 584 3624 Hispania.
598 3583 634 3592 —-
646 3553 707 3619 452.
752 3557 806 3608 Cic.
820 3555 926 3608 declar.
937 3557 1011 3608 Oret.
1025 3554 1072 3617 50;
1083 3556 1174 3622 Quint.
1188 3557 1250 3608 lnsr.

204 3637 353 3707 furentem,
366 3652 426 3686 oum
435 3634 542 3697 furore,
554 3632 581 3686 lr.
592 3652 615 3684 e.
627 3635 709 3685 animi
753 3635 799 3687 Or.
813 3637 849 3696 ΙΙ,
872 3635 901 3686 15
914 3634 947 3686 al.
966 3652 1047 3705 quum
1060 3632 1175 3686 dicendo
1190 3655 1253 3707 per-

210 3717 313 3766 fervore
325 3726 352 3764 et
364 3711 477 3764 audacie
488 3731 604 3778 autumn,
616 3730 708 3784 perpe·
754 3713 861 3780 suadet,
878 3715 1026 3784 animisque
1038 3727 1154 3780 motum,
1171 3733 1251 3786 quern
1347 3741 1352 3750 ·

213 3806 339 3856 trentam,
352 3795 395 3844 vix
403 3791 528 3844 credenda
540 3793 619 3844 lacta.
753 3793 924 3860 velit‚induit
934 3814 940 3844 :
949 3793 1031 3846 rerba
1040 3807 1126 3846 autern
1138 3805 1252 3848 utconlu

249 3871 308 3939 456.
321 3871 412 3923 laelius
424 3869 577 3941 eloquentia
590 3889 638 3941 par
651 3883 709 3922 erat
753 3874 898 3942 respiciunt
909 3872 942 3924 od
951 3872 1107 3943 Amphionis
1116 3887 1139 3924 rt
1149 3873 1252 3946 Orplrei

213 3951 334 4013 Nestori,
360 3951 401 4000 eorl
422 3948 472 4000 iet
494 3947 600 4014 proicere
617 3949 709 4014 μίπηος
753 3951 872 4012 fabulas,
886 3954 932 4021 qui
946 3965 1025 4002 cantu
1038 3950 1098 4023 lyrae
1113 3953 1183 4004 leros
1198 3971 1253 4002 res-

212 4029 312 4098 pauu‘er
326 4025 369 4095 44η
383 4028 455 4089 etet,
473 4031 579 4080 Homer.
593 4029 666 4080 Iliad.
679 4051 709 4092 e,
756 4047 807 4101 que
822 4031 977 4080 inanimatas
993 4029 1093 4082 duxisse
1109 4029 1252 4099 perhiben-

215 4111 280 4179 249,
295 4107 366 4160 unde
376 4106 404 4158 lr.
419 4107 436 4158 l.
449 4105 545 4171 mella,
557 4119 586 4158 ut
600 4125 642 4178 ap.
653 4107 708 4160 cie.
738 4145 741 4152 .
755 4106 899 4172 tur;Dralt.
914 4109 949 4159 cl.
963 4108 996 4160 ad
1009 4109 1081 4170 Xlll,
1096 4107 1156 4172 347.

213 4191 246 4244 de
256 4189 317 4244 Sen.
332 4203 375 4249 Ιο;
386 4185 507 4254 Plin.Ep.
517 4185 599 4250 lV,3;
611 4188 709 4238 duaon.
791 4187 850 4252 461.
862 4197 953 4238 notrtm
966 4185 1000 4236 nd
1009 4185 1062 4238 sola
1075 4180 1158 4240 bella,
1173 4177 1206 4226 ef.
1218 4177 1250 4228 od

281 4297 303 4330 2,
827 4304 830 4313 ,
1020 4281 1090 4334 ,217

498 4333 501 4342 ¹
824 4343 827 4346 .
948 4329 951 4337 ¹
1020 4340 1059 4359 ,ιι

1010 4359 1045 4377 ἰα

925 4378 929 4386 A
1008 4384 1014 4392 a
1056 4380 1060 4388 ι

1032 4395 1038 4404 ι
