2930 4644
256 282 319 362 436
588 281 966 346 COMMENTATIO

252 444 282 488 ct
294 426 495 506 conjecturis:
510 427 547 486 de
560 427 673 506 quibus
685 449 753 486 acre
762 425 822 487 hoc
829 427 981 510 judicium
994 427 1080 488 lacit
1090 425 1204 486 Leieb.
1220 453 1234 479 α
1244 427 1278 484 ln
1288 424 1319 482 iis

252 538 331 598 saepe
347 515 538 576 futilissirnus
552 529 702 596 nugator:
714 517 763 576 cui
776 518 868 576 satius
880 515 999 591 fuisset,
1011 516 1140 578 Silium
1156 519 1318 594 nunquam

253 605 402 688 adtigisse.
414 631 427 660 n

741 715 824 796 1781.

292 855 427 930 Parisiis,
448 859 538 932 irs-8⁰,
559 858 654 916 viaet
671 857 788 917 aedibus
804 859 998 940 Serpentinis.
1022 859 1056 919 C.
1079 856 1157 918 Silii
1175 849 1275 913 italici
1287 849 1318 906 de

253 941 325 1004 bello
339 947 452 1007 Punico
468 947 592 1007 secundo
608 948 733 1022 Poema,
756 946 895 1029 adsidens
912 961 1037 1008 ueterum
1060 946 1316 1006 monimentorum

251 1033 430 1115 (codicum)
448 1038 634 1118 castigatam,
652 1039 822 1120 fragmento
837 1050 964 1097 auctum.
985 1039 1093 1118 Operis
1110 1033 1225 1115 integri
1237 1027 1316 1088 editio
1403 1039 1404 1104 4

250 1125 402 1206 princeps.
420 1126 545 1184 Curaute
555 1127 639 1186 Joan.
654 1130 740 1208 Bapt.
753 1124 887 1210 Ltrfebmc
900 1125 935 1185 de
947 1129 977 1188 V
977 1125 1140 1188 ittebnaw.

290 1211 425 1296 Lescbvm
434 1213 470 1273 V.
482 1215 515 1272 C.
527 1212 636 1273 eodem
647 1227 786 1297 ternpore
798 1214 891 1274 aliam
901 1229 998 1296 poetae
1009 1213 1116 1274 nostri
1130 1209 1313 1272 editionem,

251 1322 319 1384 quae
331 1303 428 1362 tribus
442 1301 524 1362 Voll.
540 1295 731 1379 continetur,
743 1317 772 1364 et
785 1317 897 1387 praeter
906 1323 1030 1364 carmen
1043 1302 1212 1363 Silianam
1224 1291 1310 1352 Galli-

249 1413 316 1451 cam
333 1389 397 1472 ejus
410 1395 580 1454 versionem
594 1391 729 1466 exhibet,
746 1393 956 1454 excudendam
970 1393 1112 1466 curavit,
1132 1391 1228 1468 eique
1242 1380 1312 1442 indi·

249 1503 316 1541 cern
333 1481 503 1565 subjunxit,
520 1485 571 1543 cui
586 1484 693 1544 titulus
707 1501 767 1544 est:
786 1481 1014 1544 Nomenclatune
1031 1480 1202 1559 historique
1215 1487 1243 1534 et
1254 1475 1312 1568 96⁰:

248 1569 425 1652 propinque:
437 1573 468 1632 in
480 1593 558 1654 quo,
570 1585 604 1635 ut
613 1587 643 1632 et
652 1574 762 1656 passini
775 1573 806 1632 in
816 1573 902 1634 Notis
912 1572 1036 1646 criticis,
1048 1571 1178 1630 Latinae
1190 1563 1308 1624 edition!

250 1657 391 1741 subjectis
418 1664 517 1741 (Part.
540 1665 582 1737 ll,
606 1685 674 1745 pag.
705 1683 748 1722 ι...
766 1660 854 1740 148),
884 1661 1038 1742 permulta
1062 1649 1305 1718 consarcinavit,

249 1768 318 1828 quae
330 1748 379 1807 vel
393 1750 547 1809 tironibus
562 1763 636 1810 nota
651 1763 737 1826 sunt,
756 1764 801 1824 et,
820 1771 920 1830 quum
935 1749 1067 1824 Cetricae,
1089 1745 1228 1807 Punicae
1242 1736 1306 1796 alia·

248 1857 380 1917 rumque
391 1835 526 1897 Orientis
542 1839 720 1919 linguarum
735 1839 871 1920 aliquam
887 1837 943 1896 sibi
959 1837 1185 1918 cognitionem
1200 1827 1304 1889 habese

248 1921 415 1997 rideretur,-
433 1924 534 1983 ubivis
548 1924 763 2006 etymologias,
782 1947 817 1984 ex
834 1925 870 1984 iis
885 1925 1008 2006 petitas,
1031 1923 1178 1984 intexuit.
1198 1919 1301 1977 lleruru

247 2009 415 2070 trivialium
428 2013 658 2072 multitudinem
668 2016 725 2096 ipsi
736 2015 992 2088 condonarentus
1003 2015 1027 2072 si
1038 2013 1234 2079 Germanos,
1244 2019 1301 2064 non

249 2097 411 2182 populares
428 2121 513 2175 suos,
535 2121 585 2160 eas
602 2101 711 2162 docere
730 2103 761 2162 in
780 2103 922 2164 animum
942 2102 1122 2162 induxisset.
1144 2101 1228 2159 Nam
1245 2093 1300 2172 ipse

217 2183 218 2186 ¹
249 2185 430 2270 profitetur:
450 2191 484 2249 Si
487 2185 595 2270 j'auais
608 2192 679 2250 ecrit
689 2213 765 2273 pour
779 2191 818 2251 les
831 2189 1018 2263 Allemands,
1030 2186 1164 2273 j'aurais
1179 2196 1241 2248 tout
1250 2179 1298 2248 dir,

249 2299 316 2338 sans
335 2298 434 2358 passer
454 2275 480 2338 le
500 2279 633 2340 moindre
651 2291 725 2354 nrot,·
743 2303 899 2362 parceque,
918 2301 957 2340 en
974 2278 1085 2362 qualite
1099 2265 1295 2364 d’Allematsl»

241 2366 366 2448 j'narais
379 2388 414 2428 eu
427 2366 502 2429 droit
511 2369 548 2428 de
556 2382 760 2453 supposertous
770 2393 828 2430 mes
840 2369 957 2432 lecteurs
966 2371 1127 2452 ignorante
1141 2366 1225 2428 Mais
1233 2373 1297 2420 nous

249 2475 340 2514 ‹rtrons
349 2453 414 2537 plus
425 2455 607 2516 d'lronnetete
616 2479 653 2517 en
664 2461 785 2518 France.
800 2456 891 2518 Praei.
906 2477 975 2539 pag.
989 2475 1081 2515 xxxv.
1096 2456 1204 2532 Quam
1216 2447 1294 2507 doc!e

249 2557 352 2603 antem
363 2556 393 2602 et
402 2544 560 2624 ingeniose
572 2545 722 2626 originem
734 2545 781 2604 vel
797 2545 1002 2627 populorum,
1019 2543 1144 2604 urbium
1156 2556 1188 2602 et
1197 2533 1295 2596 fluvio·

249 2655 318 2693 rum
332 2655 349 2692 a
364 2633 495 2717 Scythis,
508 2634 600 2695 Celtis
612 2648 641 2695 ct
653 2635 762 2708 slavis,
780 2635 825 2695 vel
837 2634 1029 2716 singulorum
1041 2633 1209 2694 verborum
1219 2638 1248 2685 et
1257 2621 1292 2680 lff

249 2724 364 2806 quendi
376 2721 583 2786 formularum
594 2746 630 2786 ex
639 2725 758 2799 Graeca,
772 2725 904 2799 Punica,
915 2723 1040 2798 librata,
1051 2723 1183 2804 aliisque
1193 2714 1291 2778 Orien·

248 2816 284 2872 tis
300 2815 411 2894 linguis
428 2816 485 2874 sihi
503 2814 651 2876 deducere
668 2813 822 2892 videatur,
843 2814 1038 2896 cognoscitur
1054 2813 1101 2872 vel
1114 2835 1149 2872 ex
1164 2808 1245 2872 notis
1258 2797 1290 2860 ati

248 2905 300 2964 lib.
315 2905 344 2978 1,
358 2905 409 2975 25,
424 2906 565 2980 2353111,
579 2906 631 2981 26,
645 2905 717 2978 338,
731 2904 803 2984 395,
816 2905 890 2973 682;
904 2905 956 2978 tv,
969 2903 1042 2978 534,
1056 2903 1288 2983 7364004223

247 2996 327 3071 aaa,
344 2991 495 3072 aedifico)3
515 2995 571 3068 Vl,
594 2995 667 3074 609,
687 2995 760 3068 6323
780 2995 866 3066 Vlll,
887 2993 959 3067 362,
979 2989 1052 3073 472,
1069 2989 1128 3072 473
1148 2985 1289 3068 (Barbare

249 3079 395 3150 harundo,
408 3079 520 3139 harena
530 3082 563 3140 in
576 3081 666 3141 liralr.
677 3081 787 3142 Melius
797 3079 911 3142 arundo
920 3102 938 3139 a
948 3099 1023 3140 voce
1033 3079 1146 3139 Celtica
1156 3075 1221 3148 rod,
1232 3064 1286 3136 rud,

248 3169 347 3238 idest,
361 3187 472 3240 carana,
478 3165 603 3252 7ἰιηοιιε,Ι
619 3172 731 3230 inserto
743 3193 764 3230 a
773 3183 808 3232 ut
819 3191 912 3253 saepe,
925 3181 954 3230 et
962 3169 1128 3252 praeposito
1140 3189 1160 3228 a
1165 3215 1174 3243 ‚
1188 3160 1286 3248 spirim

247 3259 317 3319 leni.
333 3259 378 3316 lta
393 3279 484 3317 arena
495 3258 534 3317 ab
551 3281 633 3333 areo,
655 3281 764 3336 aresce,
783 3275 817 3321 ut
831 3260 961 3340 aridus),
979 3257 1053 3341 492,
1071 3260 1143 3332 52ο;
1162 3259 1202 3332 X,
1219 3245 1283 3328 illi

248 3351 304 3422 xl,
327 3345 384 3407 265
405 3344 613 3428 (Capitolium,
633 3369 693 3408 vox
709 3351 880 3432 composita
897 3349 979 3409 binis
996 3348 1122 3408 vocibus
1135 3342 1250 3406 Celticis
1260 3347 1284 3394 et

249 3437 373 3498 Punicis
383 3456 451 3518 cap,
462 3449 563 3518 petra,
574 3450 603 3494 et
612 3433 664 3507 tol,
675 3437 724 3496 rel
734 3437 790 3508 tal,
802 3439 896 3518 alta),
908 3438 961 3499 551
972 3459 980 3510 3
990 3437 1070 3510 xlv,
1080 3435 1134 3511 4ο,
1144 3432 1217 3510 634;
1227 3425 1282 3495 XV,

247 3531 321 3609 672,
332 3547 399 3608 722.
410 3526 501 3604 Quod
514 3525 551 3584 ad
563 3527 703 3586 criticum
713 3525 778 3607 ejus
788 3527 970 3610 adparatum
982 3527 1109 3602 adtinet,
1120 3539 1226 3608 prater
1234 3533 1283 3578 tr&

249 3617 459 3690 membranas,
473 3635 489 3672 a
501 3614 663 3690 Cerdone,
674 3615 791 3690 Modio,
802 3615 928 3676 Barthio
939 3631 968 3677 et
977 3617 1040 3676 Nic.
1053 3615 1179 3675 Heinsio
1189 3607 1281 3674 coola·

246 3717 306 3776 tas,
319 3722 391 3760 usus
404 3717 448 3760 est
459 3699 563 3760 codice
575 3701 695 3762 'lellieri
708 3704 751 3784 (v.
762 3725 829 3785 sup.
837 3718 903 3763 not.
916 3727 940 3779 ι,
951 3726 979 3786 p.
988 3701 1076 3780 444),
1090 3701 1282 3778 omnibusque

247 3789 433 3850 editionibus
446 3791 564 3872 priscis,
578 3805 609 3852 et
622 3793 701 3854 inter
714 3815 763 3852 eas
775 3795 916 3854 llomana
928 3795 956 3854 ll
968 3807 998 3854 et
1013 3793 1066 3852 illa
1080 3791 1223 3852 Damiani
1237 3787 1281 3846 Be-

247 3899 354 3954 nessae,
371 3899 448 3960 quas
464 3878 588 3962 reliquis
603 3881 697 3964 longe
711 3881 922 3943 anteferendas
936 3896 1045 3944 censet.
1059 3880 1179 3959 Quibus
1192 3871 1280 3963 prasi·

246 3969 302 4027 diis
314 3966 352 4025 ad
366 3981 488 4048 poetam
502 3970 721 4031 recensendum
733 3971 898 4030 instructus
908 3973 1039 4031 omnino
1050 3971 1126 4029 bene
1137 3969 1175 4028 de
1184 3988 1221 4029 eo
1231 3981 1282 4025 mc

245 4058 320 4114 ritas
333 4071 390 4130 est⁷
401 4057 497 4116 trudat
509 4079 605 4139 quum
618 4053 1279 4139 ingenioseeonjccit‚,tu1nrecteernendavils

635 4285 641 4328 l
