2930 4644
272 303 335 386 430
602 293 983 360 COMMENTATIO

147 457 152 470 ·
221 485 227 500 .
269 446 307 506 lis
318 437 618 526 partibus,universe
631 436 878 520 tomen,majore
890 458 954 498 non
967 437 1059 498 modo
1069 441 1220 504 sermonis
1231 440 1344 502 latini

270 531 432 614 elegantia,
447 525 600 590 sedetiam
617 527 841 608 perspicuitate,
857 525 964 586 ordine
978 541 1008 586 et
1019 548 1099 588 nexu
1113 550 1145 588 se
1159 549 1339 590 commen-

271 625 337 696 dat,
354 639 447 699 quam
466 617 521 676 tali
539 629 640 691 aetate,
658 630 689 676 et
707 617 740 676 in
758 629 844 676 tauta
867 636 969 677 rernm
990 617 1149 692 uarietate,
1169 633 1337 698 tantoque

271 709 449 775 imitationis
464 720 493 767 et
506 718 633 766 ornatus
644 704 744 766 studio
758 719 916 786 exspectes.
930 703 1074 766 Conferat
1084 707 1195 788 aliquis
1209 707 1333 766 Silium

270 823 342 864 cum
353 799 456 873 Statio,
466 795 511 856 vel
522 798 646 856 Lucano
657 792 785 874 aliisque
796 791 906 854 horum
917 805 1091 876 temporum
1104 797 1209 876 poetis,
1220 815 1334 874 necque

271 889 392 961 dubito,
409 886 485 967 quin
501 903 573 942 enm
590 880 635 942 his
649 881 883 944 anteferendum
896 897 1025 942 censeat.
1042 885 1175 958 Carmen
1186 882 1253 965 ejus
1266 883 1333 941 ab·

273 977 370 1041 undat
382 971 592 1058 pulcherrimis
607 969 694 1047 locis,
714 971 1009 1052 comparationibus,
1026 974 1195 1046 sententiis,
1215 971 1333 1052 integi·

274 1065 380 1136 nibus,
389 1058 657 1142 descriptionibus,
672 1078 741 1140 quae
756 1080 795 1118 ne
807 1059 1070 1140 prestantissimos
1082 1059 1206 1140 quidem
1219 1073 1332 1141 poetro

272 1153 459 1216 dedecerent.
485 1147 598 1222 Multa,
616 1147 649 1206 in
668 1147 781 1228 quibus
801 1145 969 1206 Homerum
986 1163 1016 1206 et
1032 1148 1192 1208 Maronem
1212 1146 1329 1206 adurn-

274 1241 388 1314 bravit,
403 1236 482 1298 felici
499 1234 670 1295 imitatione
689 1234 846 1315 expressit,
863 1233 995 1294 suaviter
1011 1235 1155 1309 variavit,
1174 1255 1258 1296 novo
1280 1255 1330 1293 re·

275 1352 346 1392 rum
359 1339 485 1400 ornatu,
505 1323 651 1404 novisque
668 1343 774 1382 earum
794 1321 1073 1404 phantasmatibus,
1090 1324 1213 1399 formis,
1230 1345 1330 1404 gene·

275 1420 375 1494 ribus,
396 1412 644 1477 conversionibus
667 1433 720 1472 sua
740 1411 825 1485 feeit,
847 1433 901 1472 nec
920 1413 985 1472 sine
1005 1427 1069 1472 arte
1088 1433 1124 1472 ac
1137 1411 1255 1494 judicio
1279 1411 1329 1471 vel

276 1499 475 1590 amplificavit
497 1517 527 1564 et
544 1501 680 1562 ornatius
705 1500 827 1576 extulit,
852 1500 913 1575 vel,
936 1501 960 1560 si
985 1500 1170 1583 desperaret,
1195 1523 1228 1562 se
1255 1501 1329 1559 Vir·

276 1597 381 1682 giliani
398 1592 612 1674 Homericique
629 1590 688 1651 loci
701 1591 910 1673 praestantiam
927 1589 1050 1672 adsequi
1070 1606 1099 1652 et
1116 1591 1148 1652 in
1166 1603 1328 1650 certamen

276 1688 362 1770 quasi
374 1707 444 1746 eum
458 1683 494 1742 iis
508 1681 688 1742 descendere
700 1702 799 1763 posse,
812 1681 969 1742 contraxit.
982 1682 1088 1742 Varios
1103 1680 1241 1742 adfectus
1258 1701 1328 1763 pas·

278 1778 335 1836 sim
351 1773 468 1854 egregie
482 1771 638 1852 expressim
655 1782 684 1830 et
700 1771 835 1830 Deorum
852 1769 1020 1830 ministeria
1034 1789 1113 1852 soepe
1127 1768 1258 1830 feliciter
1273 1769 1328 1828 ad·

277 1863 387 1924 hibuit.
403 1858 597 1920 characteres
612 1857 803 1940 singularum
819 1879 1019 1941 personarum
1034 1880 1100 1920 uon
1114 1859 1195 1920 nrale
1206 1873 1327 1934 tuetur,

278 1953 517 2030 orationumque
537 1946 755 2029 fingendarum
774 1947 888 2030 probus
906 1961 950 2008 est
966 1947 1083 2010 artifex.
1105 1951 1182 2027 Quae
1204 1949 1326 2022 omnia,

279 2059 350 2100 cum
365 2038 508 2096 varietate
521 2056 588 2094 non
602 2038 705 2095 minus
716 2057 812 2117 quam
821 2034 1014 2116 jucunditate
1030 2057 1132 2098 rerum
1147 2035 1327 2118 conjuncta,

278 2125 428 2184 lectorum
442 2123 564 2182 animos
576 2121 704 2182 mirifice
715 2119 876 2184 delectant.
890 2123 959 2199 Quo
973 2122 1105 2200 adcedit,
1120 2124 1223 2206 quod,
1237 2125 1263 2184 si
1278 2147 1327 2185 ve·

279 2233 349 2274 rum
363 2225 420 2285 est,
439 2209 477 2286 de
495 2229 558 2289 quo
577 2211 627 2268 vix
644 2209 785 2270 dubitare
799 2210 910 2293 possis,
927 2209 1035 2272 Silium
1051 2233 1087 2274 ex
1100 2213 1328 2292 antiquioribus

280 2301 375 2386 poetis
388 2298 613 2378 historicisque,
625 2299 679 2378 qul
692 2297 808 2358 bellum
818 2299 971 2360 Punicum
987 2301 1016 2360 ll
1030 2315 1251 2383 exposuerunt,
1262 2323 1326 2364 non

279 2413 377 2475 pauca
397 2389 546 2463 hausisse,
568 2387 706 2469 adeoque
727 2386 825 2448 multa
845 2389 878 2448 in
899 2410 936 2452 eo
955 2390 1078 2472 vestigia
1098 2389 1325 2474 deperditarum

279 2479 469 2560 antiquitatis
491 2479 754 2540 monimentorum
775 2499 942 2560 superesse,
963 2479 993 2540 id
1012 2501 1137 2563 quoque
1157 2479 1324 2564 plurimum

279 2571 319 2632 ad
334 2589 458 2630 carmen
471 2566 534 2649 ejus
546 2567 828 2628 commendandum
843 2567 924 2630 facit.

319 2659 375 2721 Sed
395 2659 462 2720 aliae
479 2673 551 2720 sunt
565 2657 722 2732 utilitates,
738 2679 814 2740 quas
827 2659 985 2720 literarum
1003 2659 1144 2742 inprimis
1159 2658 1323 2740 elegantio-

280 2771 351 2811 rum
369 2747 630 2827 humanitatisque
646 2745 774 2807 studiosi
793 2767 828 2806 ex
849 2747 985 2808 carmine
1002 2747 1117 2808 Siliano
1134 2769 1240 2832 mpero
1257 2769 1322 2831 poa·

271 2851 362 2904 sunt.
381 2838 522 2900 Primum
538 2837 620 2898 enim
633 2835 783 2916 juveniles
802 2837 898 2896 animi
914 2837 1046 2898 maxime
1063 2851 1209 2898 tenentur
1226 2850 1322 2920 poea-

281 2949 352 2987 rum
371 2939 400 2986 et
417 2926 633 2986 historicorum
649 2925 792 2997 lectione3
812 2945 868 2985 nec
882 2925 970 2986 facile
981 2926 1072 2986 etiam
1086 2927 1155 3002 erit,
1171 2927 1225 3006 qui
1237 2947 1322 3008 nega·

280 3013 369 3086 verit,
390 3033 457 3072 earn
479 3015 511 3071 in
529 3011 698 3094 juventutis
722 3011 915 3073 institutione
933 3013 1122 3095 reliquorum
1141 3015 1323 3095 scriptorum

280 3102 525 3182 interpretationi
542 3100 769 3163 anteferendam
789 3123 864 3179 esse,
881 3125 977 3184 quum
996 3125 1061 3165 non
1077 3099 1225 3166 modoad
1242 3105 1322 3185 inge

281 3190 370 3250 nium
384 3187 524 3250 doctrina
540 3189 756 3266 excolendum,
774 3189 976 3272 adjudicium
993 3193 1183 3268 acuendum,
1202 3194 1241 3254 ad
1258 3214 1320 3254 sen-

282 3299 349 3340 sum
363 3278 483 3362 pulchri
496 3294 588 3361 atque
600 3277 719 3342 honesti
733 3279 893 3356 alendum,
905 3294 935 3342 et
945 3280 984 3340 ad
999 3296 1113 3342 mentes
1124 3281 1323 3342 admiratione

282 3391 316 3432 ac
337 3369 494 3452 voluptate
513 3368 754 3452 perfundendas,
774 3369 824 3430 sed
845 3371 936 3430 etiam
956 3370 996 3430 ad
1017 3393 1119 3432 rerum
1140 3393 1320 3453 magnaram

281 3480 421 3521 amorem
440 3459 671 3542 inspirandum,
691 3459 872 3540 animosque
891 3459 1037 3542 paulatim
1058 3461 1097 3520 ad
1116 3483 1165 3522 eas
1184 3461 1318 3536 virmtes,

280 3569 412 3634 quarum
432 3548 560 3609 illustria
580 3544 717 3626 exempla
736 3548 847 3627 passim
866 3549 1045 3630 consignata
1063 3551 1233 3630 reperiunt,
1251 3569 1319 3608 eon·

283 3779 350 3832 repe
380 3761 625 3832 interpretationem
658 3757 780 3812 locorum
826 3759 1317 3832 magnomfacnndomque.Quodride

283 3841 488 3913 Virgilianorum
508 3837 711 3908 suppeditant·
734 3841 780 3891 llis
824 3843 943 3911 puritate
956 3843 1050 3907 etiam,
1066 3844 1249 3912 aerumnisque
1266 3843 1315 3894 lio·

285 3920 382 3991 adjicio
394 3919 476 3972 rerba
485 3919 572 3970 vossii
582 3915 615 3968 de
627 3916 688 3972 hist.
699 3917 745 3970 lat.
755 3921 781 3987 l,
825 3920 896 3972 mani
918 3923 1074 3975 castimonia
1094 3933 1198 3976 certare
1217 3920 1315 3984 lubeat,

284 4019 333 4070 29,
343 4019 371 4070 p.
385 3999 447 4064 144:
462 3999 543 4050 «Non
554 3996 632 4068 plane
642 3997 706 4050 Silio
717 3999 782 4052 adu·
826 4000 893 4052 nulli
910 4001 1016 4053 illorum
1033 4001 1123 4068 cedat,
1138 4020 1205 4074 quos
1222 4021 1269 4068 ea,
1279 3999 1314 4054 rel

282 4079 355 4134 latur
366 4075 508 4140 Martialis,
518 4094 598 4146 quum
610 4096 640 4128 or
652 4079 676 4130 ei
688 4077 781 4132 tribuit
824 4080 959 4152 proxima,
973 4081 1039 4134 vidit
1053 4093 1138 4136 estas.
1148 4104 1161 4130 a
