2930 4644
275 374 338 454 ico
606 385 986 460 conmentario

272 519 422 586 Erexisse
429 523 538 614 juvat,
552 543 728 618 postquam
740 532 785 596 sic
797 527 906 598 sidere
916 534 1007 600 laevo

270 623 322 690 Sic
335 623 408 692 diro
422 630 585 717 periturus
599 641 704 700 eram!
718 638 884 703 carissime
898 641 1018 720 frater,

269 730 399 812 Quanta
412 757 505 825 paras
517 740 648 807 animis!
663 742 745 809 heu!
760 745 818 810 fati
831 746 963 834 ignarus
974 747 1120 846 acerbi,
1304 759 1326 802 5¹

269 836 475 930 Ignarusque
488 845 563 910 mei.
576 872 594 906 a
609 847 716 913 Dixit:
731 866 801 915 tum
813 851 898 916 liber
910 853 942 917 in
955 877 1062 920 auras

268 941 409 1030 Spiritus
422 950 605 1036 egreditur,
619 955 732 1041 spatiis
744 955 836 1021 unde
847 958 945 1025 altior
955 961 1070 1050 aeqais

268 1051 460 1140 Despiceret
473 1061 612 1123 Romam
624 1061 722 1127 simul
735 1080 770 1129 et
780 1064 985 1155 Carthaginis
999 1066 1155 1132 urbem:

266 1159 351 1224 Ante
364 1159 454 1226 diem
466 1164 543 1229 felix
554 1165 684 1248 abiens,
697 1192 739 1236 ne
752 1194 880 1237 summa
892 1173 1022 1240 videret

266 1263 414 1346 Excidio,
428 1285 461 1334 et
473 1271 567 1338 claris
580 1273 670 1362 qaod
684 1291 786 1342 restat
797 1277 943 1346 dedecus
956 1283 1074 1360 annis,
1297 1289 1322 1333 ⁶⁰

266 1370 508 1464 Fraternosqae
521 1401 666 1470 suosque
679 1382 778 1447 simul
790 1386 973 1477 Patriaeque
985 1387 1145 1454 dolores.

310 1477 395 1544 Ecce
407 1481 497 1548 aliud
510 1483 627 1570 decus,
641 1505 702 1554 etc.

299 1606 398 1677 (Nora
410 1630 525 1670 rotronis
535 1640 541 1670 ε
553 1639 578 1672 v.
592 1621 635 1674 ab.
644 1619 838 1677 Frauduleoter
851 1627 892 1679 Fr.
904 1625 1051 1680 Petrarcha
1064 1627 1126 1680 Hic
1135 1635 1287 1697 postquam,
1299 1629 1320 1667 ⁰1

265 1686 363 1742 frastra
376 1695 472 1751 Poenue
483 1719 532 1772 pro
547 1719 655 1772 pronus.
667 1733 703 1742 -
716 1704 759 1756 32.
775 1705 848 1758 Male
859 1710 929 1760 Patr.
941 1709 995 1760 alte
1006 1721 1057 1773 est,
1079 1719 1196 1760 secutus
1208 1703 1315 1754 vitiosam

262 1764 406 1826 lectionem
419 1777 494 1831 altae.
504 1813 539 1823 —
550 1781 592 1835 35.
607 1782 679 1838 Male
696 1787 764 1837 Petr.
781 1798 807 1839 et
815 1785 890 1859 finis.
903 1819 936 1828 —
948 1790 990 1842 38.
1002 1791 1133 1842 Incauta.
1148 1791 1181 1840 ln
1194 1782 1283 1836 codice
1297 1789 1317 1830 t!

264 1847 333 1900 Petr.
347 1849 461 1918 irtcerta5
471 1857 518 1910 sed
529 1879 543 1912 e
553 1864 676 1933 sequenti
687 1882 779 1929 versu,
791 1883 805 1916 a
815 1865 953 1933 librario,
963 1880 992 1920 at
1002 1887 1074 1940 sape
1087 1877 1229 1921 errarunt.
1240 1891 1272 1901 -
1280 1857 1313 1926 39-

264 1926 370 1981 incerta.
384 1933 427 1986 Sic
439 1937 533 1990 codex.
543 1940 614 1994 Male
624 1945 694 1994 Petr.
706 1944 756 1995 lieu
767 1957 844 1997 certa.
855 1977 890 1986 -
900 1949 942 2016 4ο.
954 1950 1007 2002 Sar.
1020 1951 1049 2000 ln
1062 1948 1129 2002 cod.
1143 1959 1170 2000 et
1182 1946 1249 1995 Patr.
1258 1939 1312 2028 Stat·

263 2005 329 2074 Qua
341 2027 411 2085 sape
423 2016 573 2088 alternant,
585 2037 615 2074 ut
626 2022 674 2076 lib.
687 2025 750 2090 ΧΗ,
764 2025 830 2096 589,
844 2042 990 2082 occurrunt
1006 2040 1077 2082 stant
1091 2033 1123 2082 in
1138 2049 1164 2080 c.
1178 2028 1207 2077 Ρ.
1226 2023 1278 2074 Stat
1291 2035 1312 2068 ¹¹¹

262 2085 293 2137 R·
308 2105 337 2155 ²,
351 2110 373 2142 c.
385 2096 415 2146 Τ.
429 2115 479 2167 pro
491 2113 545 2153 sat:
559 2115 585 2153 et
597 2102 645 2156 lib.
653 2106 726 2172 Vlll,
743 2108 810 2176 493,
824 2121 880 2160 not.
895 2137 927 2151 -
939 2110 979 2162 lb.
992 2111 1068 2162 Heu!
1082 2111 1170 2190 sortis.
1184 2105 1254 2156 Nota
1263 2098 1308 2188 ele·

262 2179 369 2234 gentem
383 2171 582 2247 hellenismum,
597 2183 717 2252 ignotum
729 2187 756 2237 in
771 2199 828 2238 toto
841 2201 964 2259 poemate
976 2189 1142 2244 Petrai-che.
1154 2183 1243 2250 -41-
1255 2179 1310 2232 ΑΜ·

262 2248 371 2303 matitia.
382 2253 412 2304 lo
422 2255 482 2308 cod.
496 2261 585 2332 ajatia.
600 2263 667 2315 Patr.
681 2267 822 2320 animalia.
833 2297 869 2308 -
878 2269 922 2336 44.
934 2271 1044 2324 somnia.
1058 2265 1192 2323 Absurde
1201 2265 1267 2314 Patr.
1277 2257 1309 2309 lu·

261 2326 343 2383 mina.
355 2362 391 2374 -
402 2337 445 2406 47.
462 2339 536 2410 Qacs.
550 2345 579 2394 ln
592 2342 653 2396 cod.
670 2359 748 2417 quot,
765 2367 781 2400 a
793 2351 923 2404 Librario.
943 2353 1011 2422 Quos
1027 2365 1099 2404 recte
1119 2353 1149 2403 in
1165 2351 1234 2401 Petr.
1249 2337 1306 2394 Ibid-

262 2411 376 2463 transire.
384 2415 442 2468 Vox
450 2417 626 2476 Ciceroniana
636 2443 686 2497 pro
699 2427 825 2480 omittere.
837 2460 873 2470 —
882 2431 925 2498 48.
939 2451 1020 2504 quo...
1036 2431 1103 2485 loco.
1113 2429 1186 2484 Vide
1198 2425 1245 2479 lib.
1254 2425 1277 2487 l,
1286 2437 1305 2468 ἵ-

262 2485 326 2556 593ἱ
340 2494 408 2566 Vitg·
422 2499 471 2567 ¹¹1,
486 2504 546 2572 723.
559 2535 596 2545 —
605 2507 647 2577 49.
657 2511 767 2581 potenti.
779 2509 822 2564 Sic
836 2526 907 2566 recte
917 2515 985 2566 Petr.
997 2512 1027 2565 ln
1039 2513 1100 2565 cod.
1113 2511 1232 2586 petentia
1243 2498 1303 2576 q¹¹⁰d

262 2565 367 2624 falsam.
381 2576 485 2632 Bellum
497 2583 555 2654 ipse
567 2586 700 2639 Hannibal
713 2587 809 2641 intulit.
823 2621 858 2630 —
871 2592 913 2645 50.
928 2593 1035 2644 murillo.
1048 2593 1131 2645 Recte
1145 2587 1239 2644 codex.
1251 2581 1303 2676 liv·

260 2647 426 2722 barefoedem
441 2663 553 2732 mundo,
566 2679 596 2717 ut
609 2668 636 2718 in
646 2671 718 2740 virg.
732 2672 791 2724 totis
802 2675 922 2726 turbatur
931 2674 1014 2749 apris,
1026 2687 1052 2726 et
1065 2687 1187 2746 temque
1198 2677 1303 2736 ΜΨ(

260 2731 400 2788 movebunt
414 2738 459 2793 lib.
476 2742 550 2812 Xlll,
566 2747 625 2800 865.
637 2749 704 2801 Vide
719 2763 775 2802 not.
790 2751 824 2804 ad
839 2753 866 2820 ¹,
878 2756 921 2826 37.
935 2753 1005 2808 Male
1019 2757 1090 2809 Petr.
1102 2751 1208 2806 mandi.
1221 2775 1255 2788 -·
1265 2741 1298 2795 53·

257 2806 294 2857 sic
305 2810 372 2866 diro.
384 2817 452 2872 Vide
462 2819 508 2874 lib.
519 2825 553 2875 Vl
558 2864 566 2891 ,
577 2845 601 2878 v.
612 2829 672 2881 302.
685 2831 744 2882 llaec
754 2829 868 2886 obscure
878 2852 906 2885 m
916 2834 1024 2902 codice,
1034 2835 1081 2886 uba
1092 2851 1171 2906 quasi
1181 2827 1225 2884 sub
1233 2826 1300 2914 ‘lm'

261 2883 303 2937 vel
318 2888 389 2945 doio.
406 2895 475 2950 Male
490 2903 557 2953 Pete.
573 2905 601 2956 in
610 2907 720 2981 pelope,
732 2912 851 2962 mutavit.
861 2941 898 2951 —
909 2911 953 2967 55.
967 2913 1071 2984 Quanta
1080 2933 1160 2986 paras
1169 2901 1299 2992 animo-ln

260 2966 321 3019 cod.
332 2988 443 3042 quantas
457 2997 541 3050 panax
555 2987 600 3038 ais.
614 2989 656 3041 Sic.
668 2989 722 3042 aios
736 3008 785 3061 pro
797 2991 899 3046 animos
914 2995 941 3046 in
954 3013 978 3046 c.
991 2996 1022 3046 T.
1037 2993 1083 3046 lib.
1099 2994 1145 3060 IV,
1158 2993 1202 3046 36.
1213 2987 1251 3040 Cl-
1260 2979 1298 3073 Sll·

260 3047 321 3114 ΧΠ,
336 3049 401 3116 555;
414 3054 461 3108 lib.
472 3061 522 3127 ¹1¹,
536 3063 569 3132 59
575 3085 582 3124 ;
596 3064 642 3118 lib.
657 3069 682 3132 ¹,
698 3069 755 3120 136.
766 3071 853 3123 Antea
860 3071 960 3144 frater:
975 3071 1089 3126 similem
1102 3069 1296 3144 prosphoneam

258 3119 341 3176 nana
355 3127 401 3180 ab.
417 3133 501 3202 xvir,
520 3140 580 3191 που.
594 3172 628 3182 -
640 3143 682 3214 ⁵7·
701 3147 789 3220 eque.
806 3147 850 3201 sie
867 3138 1294 3225 recteretr.1nc.aqua.-⁵⁸·

259 3201 411 3275 veprem,
428 3213 509 3267 aeae
523 3220 591 3269 retr.
610 3223 678 3274 rae.
694 3226 846 3297 respicere:
863 3229 912 3281 aa
924 3229 984 3282 aaa
1003 3229 1050 3282 ab.
1064 3229 1124 3296 xa,
1139 3229 1200 3298 aas.
1214 3253 1248 3266 -
1260 3216 1295 3288 ⁵9·

258 3283 327 3334 Ante
337 3286 415 3342 diem.
428 3293 529 3367 Nempe
541 3300 657 3354 violenta
670 3319 769 3372 morte,
782 3325 837 3360 non
843 3307 906 3378 fato
917 3310 1073 3376 concedens,
1086 3323 1115 3362 ut
1127 3301 1293 3382 loquitar'st·

259 3362 335 3416 citas.
345 3363 411 3421 Vide
423 3372 550 3446 insignem
562 3377 651 3433 locum
661 3383 778 3457 Virgilii,
791 3387 834 3453 lV,
847 3386 908 3439 620.
919 3419 955 3428 —
964 3389 1007 3440 60.
1019 3389 1132 3441 Excidio
1144 3389 1173 3440 C.
1186 3375 1294 3441 Absurde

258 3443 286 3494 in
300 3445 367 3500 Petr.
378 3453 497 3510 excitata.
511 3458 578 3514 lbid.
589 3465 673 3515 anab.
685 3465 727 3517 Sic
739 3483 761 3516 c.
775 3465 806 3517 ln
821 3465 889 3519 Patr.
905 3471 997 3536 ama,
1012 3468 1086 3540 quod
1098 3468 1229 3541 placebat.
1243 3459 1293 3513 11²⁶

259 3526 329 3577 enim
339 3535 482 3602 saepissime
492 3537 626 3596 alternant
639 3546 664 3595 in
676 3547 790 3616 scriptis.
801 3577 836 3586 —
846 3549 889 3600 61.
899 3567 1006 3622 mosque
1013 3547 1101 3602 simul.
1111 3551 1244 3602 Omittitar
1252 3553 1293 3612 qt?

260 3607 287 3658 io
299 3609 359 3663 cod.
373 3627 402 3666 ut
414 3635 484 3690 aaepe
494 3621 521 3673 iu
532 3626 647 3696 scriptis.
655 3625 697 3676 Sic
709 3624 755 3677 lib.
763 3615 833 3696 XIV,
844 3646 912 3681 vert.
926 3629 1020 3682 altimo
1030 3628 1127 3702 legitur
1138 3633 1166 3682 in
1179 3650 1202 3684 c.
1212 3629 1240 3679 T.
1250 3635 1293 3676 tet·

259 3705 299 3739 rat
304 3691 424 3761 fretum.-
439 3705 582 3773 requiritur
594 3707 838 3778 temsqaefoetam.
848 3709 973 3762 Errorem
983 3709 1027 3764 hic
1037 3711 1188 3764 emendarit
1197 3713 1258 3763 aar.
1268 3703 1291 3753 ¹¹¹

260 3785 313 3838 quo
326 3787 398 3828 recte
409 3797 518 3854 suosque
528 3783 631 3854 simul).

299 3877 364 3940 llos
375 3877 476 3948 v'eraus
488 3891 618 3953 Silianos
630 3915 706 3972 esse,
718 3919 818 3981 quum
829 3897 1002 3960 Petrarcha·
1015 3899 1115 3982 potius
1124 3899 1289 3959 latinitatem

258 3976 456 4054 attemperies,
466 4000 529 4060 qao
539 3981 563 4040 is
573 3983 692 4062 vixerit,
704 3985 934 4072 philosophiam
944 3990 1109 4063 redoleant,
1119 3999 1292 4070 ¹1¹¹¹g¹¹⁰ptre

259 4056 378 4119 dubitat
390 4063 444 4122 Vir
455 4087 594 4130 summus
606 4075 638 4135 in
651 4075 837 4157 ephemerid.
850 4077 976 4138 litterar.
990 4081 1091 4140 Goett.
1105 4099 1133 4137 a.
1152 4081 1235 4159 ¹782·
1246 4065 1293 4135 dd·

259 4139 364 4204 ditam.
376 4149 447 4210 scid.
463 4173 544 4233 xvir,
559 4179 589 4240 p.
605 4163 677 4237 262,
692 4165 724 4224 in
739 4185 801 4244 qua
815 4163 988 4226 doctissima
999 4165 1137 4246 ejusdem
1154 4165 1223 4226 libri
1236 4177 1290 4224 cen·
