2930 4644
214 277 276 356 424
543 269 926 336 counanimis

211 417 301 478 illum
324 413 452 498 putabat
472 433 535 474 esse
556 414 591 474 L.
614 411 865 492 drmntiumh),
890 411 945 491 qui
968 411 1002 470 A.
1027 411 1061 471 U.
1086 410 1160 491 731,
1184 423 1272 468 eram

212 507 256 566 M.
274 502 400 564 Claudio
418 501 564 562 Marcello
584 501 743 562 AEsemino
763 499 870 560 consul
888 498 961 572 fuit,
980 497 1128 580 cujusque
1145 497 1266 579 passim

211 592 334 652 Tacitus
347 591 488 652 meminit
496 591 550 670 (1),
564 590 692 671 Augusti
707 589 899 672 temporibus
913 587 992 671 stylo
1003 587 1185 648 Sallustiano
1197 583 1267 644 his·

210 680 321 741 toriam
332 679 403 742 belli
417 680 525 741 Punici
537 680 655 761 scripsit
663 679 713 759 (3).

253 772 318 830 Hos
338 770 526 846 carminum,
547 771 710 830 annalium
730 767 987 849 historiarumque
1009 779 1157 840 auctores,
1179 782 1265 844 quo-

213 879 299 933 rum,
318 879 414 941 quam
435 855 499 918 fieri
523 859 635 940 potuit,
655 857 831 919 brevissime
853 857 1039 916 mentionem
1066 851 1172 926 intuli,
1194 869 1266 908 una

213 966 285 1006 eum
301 944 382 1021 aliis,
401 966 477 1027 quos
494 945 613 1006 silentio
633 945 824 1028 pretermisi,
842 944 989 1026 temporis
1008 941 1120 1025 injuria
1138 937 1265 998 interei-

213 1033 290 1095 disse
300 1053 420 1110 omnes,
435 1035 503 1116 quis
516 1047 572 1107 est,
591 1034 723 1116 quinon
737 1053 859 1095 mecum
873 1031 991 1093 doleat?
1006 1045 1037 1092 et
1047 1030 1117 1112 quis
1128 1027 1266 1098 dubitet,

214 1121 262 1182 vel
276 1122 369 1183 unius
383 1123 477 1182 Ennii
489 1121 622 1183 Annales
637 1121 717 1198 Silii,
735 1121 866 1199 Lucani,
884 1121 973 1182 Statii
988 1120 1177 1198 aliorumque
1193 1133 1265 1173 ear-

215 1211 365 1287 minibus,
382 1225 411 1272 et
427 1233 523 1274 unam
538 1213 727 1272 Punicarum
738 1231 842 1273 rerunt
854 1209 1011 1271 historiam
1023 1227 1138 1288 magna
1149 1208 1265 1265 Rorna-

214 1319 329 1360 norum
342 1300 528 1383 scriptorum
541 1299 739 1361 multitudine
752 1298 919 1360 redimere?
937 1297 1035 1358 Nobis
1047 1315 1167 1369 eorum,
1184 1309 1266 1372 quos

216 1387 367 1462 recensui,
386 1408 452 1448 non
471 1388 529 1448 nisi
547 1385 719 1470 fragmenta
739 1399 870 1462 restant,
884 1399 913 1446 et
927 1383 980 1466 qui
995 1405 1030 1444 ex
1041 1382 1100 1446 illis
1112 1377 1265 1454 fontibus,

217 1493 274 1556 pro
294 1495 348 1535 suo
363 1475 491 1623 quisque
504 1475 646 1558 ingenio,
657 1472 835 1535 hauserunt.
848 1474 1030 1555 Perpetuam
1041 1489 1115 1529 vero
1131 1479 1161 1528 et
1174 1485 1265 1526 eccu-

217 1574 317 1623 ratem
328 1562 367 1621 be
391 1563 400 1622 i
413 1564 521 1626 Punici
536 1564 661 1626 secundi
673 1561 832 1624 historiam
847 1582 912 1624 non
926 1559 1121 1633 haberemus,
1140 1556 1199 1616 nisi
1215 1557 1269 1616 Li-

216 1649 284 1710 vius
301 1666 473 1732 superesset.
488 1655 568 1714 Nam
588 1651 732 1735 Polybius
749 1673 818 1712 eam
836 1652 870 1712 in
888 1651 993 1734 primis
1009 1647 1146 1730 quinque
1163 1644 1266 1718 lihn's,

218 1738 272 1819 qui
288 1737 414 1820 quidem
429 1741 539 1824 integri
556 1741 647 1802 nobis
662 1741 770 1802 servati
784 1754 870 1816 sunt,
888 1760 952 1800 non
971 1737 1029 1798 nisi
1045 1732 1194 1817 usquead
1209 1753 1267 1816 pn-

218 1847 314 1907 gnam
328 1827 520 1892 Cannensem
537 1833 702 1913 pertexuit:
721 1831 829 1892 Florus
840 1843 960 1904 autem,
976 1827 1146 1910 Appianas,
1157 1824 1268 1883 Eutro-

220 1914 288 1995 pius
304 1926 334 1972 et
351 1913 404 1974 alii
421 1916 505 1978 illam
522 1919 555 1977 in
575 1917 794 2001 compendium
813 1915 1010 1999 redegerunt,
1026 1929 1056 1974 et
1070 1909 1269 1984 Plumrehus,

220 2001 319 2081 Nepos
330 2001 443 2083 aliique
456 2005 532 2065 vitas
543 2017 666 2066 tantum
678 2007 794 2089 aliquot
805 2005 934 2080 ducum,
950 2003 1003 2086 qui
1019 1999 1079 2062 hoc
1090 1999 1205 2060 bellum
1218 1998 1269 2058 ad-

221 2088 453 2167 ministrarunt,
470 2113 619 2175 exponere
637 2096 738 2155 conati
756 2109 838 2156 sunt.
852 2091 1081 2154 Difficillimum
1097 2090 1197 2170 itaque
1210 2100 1268 2163 eat,

223 2178 358 2260 singulos
373 2201 566 2260 enumerare,
585 2205 603 2244 a
619 2185 731 2268 quibus
746 2207 801 2246 sua
816 2185 956 2246 sumserit
971 2193 1061 2265 poeta
1077 2193 1194 2241 noster:
1216 2181 1268 2240 etsi

223 2287 288 2327 non
300 2281 358 2346 est,
370 2272 453 2353 quod
462 2273 650 2350 dubitemus,
663 2275 740 2356 quin
753 2273 831 2336 Livii
844 2272 1034 2357 potissimum
1047 2269 1178 2351 vestigiis
1188 2269 1271 2330 insti·

222 2355 310 2438 terit,
324 2357 410 2442 cujus
425 2373 454 2420 et
470 2362 561 2423 verba
578 2365 690 2446 passim
706 2385 759 2424 sua
775 2363 860 2439 fecit,
876 2375 907 2422 et
918 2359 1127 2422 auctoritatem
1139 2357 1270 2441 plerum·

223 2466 284 2527 que
295 2447 328 2507 in
343 2452 528 2513 narrationis
544 2473 615 2513 cum
632 2451 757 2528 ordine,
770 2465 836 2512 tum
855 2448 1057 2533 discrepantia
1075 2461 1191 2509 secutus
1209 2461 1269 2522 αἱ,

223 2531 306 2614 quod
314 2533 380 2615 jam
392 2536 512 2598 dudum
523 2539 576 2598 alii
588 2540 802 2614 observarunt,
812 2552 843 2599 et
854 2540 917 2622 ipse
927 2537 960 2596 in
970 2535 1189 2598 commentario
1200 2555 1270 2595 meo

224 2625 386 2706 pennultis
396 2627 541 2710 exemplis
554 2627 770 2690 demonstravi.

265 2713 533 2788 Quemadmodum
544 2737 617 2778 vero
631 2718 720 2778 Silius
733 2731 966 2800 argumentum,
977 2715 1058 2798 quod
1075 2716 1228 2789 metavit,
1241 2730 1270 2776 et

226 2799 370 2884 pleraque
383 2824 505 2878 eorum,
524 2827 593 2886 quae
610 2821 775 2882 memorat,
792 2807 879 2866 Livio
890 2805 999 2866 debet:
1018 2804 1059 2865 ita
1073 2805 1106 2864 in
1121 2803 1213 2864 rehus
1224 2825 1270 2865 or·

226 2888 337 2950 nandis
348 2911 378 2950 se
389 2906 489 2953 totum
501 2893 539 2953 ad
553 2895 756 2956 imitationem
766 2894 885 2976 Virgilii
897 2893 1080 2977 composuit,
1091 2892 1176 2976 quod
1188 2911 1272 2953 nune

226 2974 366 3059 pluribus
385 2981 521 3040 evincere
539 2993 569 3040 et
584 2981 740 3044 'declarare
758 2979 836 3043 nihil
854 2981 984 3058 adtinet,
1002 3001 1100 3062 quum
1111 2982 1164 3040 'rea
1180 2981 1269 3040 notis·

222 3063 302 3123 sima
316 3064 367 3140 sit,
379 3077 408 3125 et
420 3065 485 3126 loca
496 3067 633 3131 Maronis
642 3093 777 3154 expressa
789 3069 836 3130 vel
848 3069 1030 3130 adumbrata
1041 3068 1075 3128 in
1086 3068 1193 3148 quavis
1203 3065 1268 3126 libri

227 3152 339 3234 pagina
362 3152 523 3236 diligenter
545 3159 764 3222 adnotaverim.
786 3159 840 3220 Sed
863 3174 1007 3243 praeterea
1028 3158 1161 3218 aliorum
1181 3157 1266 3216 etiam

226 3251 386 3322 poetarum
401 3245 539 3327 vestigia,
554 3261 584 3308 et
596 3249 771 3310 Graeoorunt
782 3261 812 3309 et
824 3251 1054 3322 Romanorum,
1072 3265 1206 3328 quorum
1217 3243 1268 3304 ler-

226 3331 313 3390 tione
325 3330 486 3413 ingenium
498 3335 560 3396 Silii
572 3337 728 3398 imbutum
740 3353 806 3400 erat
817 3353 846 3399 et
858 3337 1033 3413 subactum,
1051 3335 1161 3418 passim
1177 3333 1268 3394 adno-

224 3437 306 3495 scas,
318 3441 346 3480 v.
359 3441 384 3480 c.
398 3423 530 3483 Lucretii
539 3423 591 3504 (4),
604 3427 723 3485 Horatii
732 3427 783 3507 (5),
794 3427 898 3486 Ovidii
907 3426 962 3506 (6),
975 3426 1092 3486 Lucani
1101 3423 1157 3506 (7),
1172 3423 1267 3483 Hesio

262 3559 384 3632 (r)Voss.
395 3559 428 3615 de
436 3562 495 3615 hist.
505 3563 550 3616 lat.
558 3566 583 3630 l,
595 3565 639 3634 18,
647 3585 673 3638 p.
682 3565 725 3618 83.
806 3567 845 3639 (5)
853 3567 892 3621 Cl.
902 3567 948 3620 lib.
957 3569 1027 3633 xlv,
1038 3567 1096 3635 1763
1103 3567 1161 3632 XV,
1170 3566 1203 3634 78
1211 3581 1263 3636 sqq.

263 3638 303 3710 (1)
316 3639 376 3693 vid.
387 3641 452 3694 Tac.
463 3641 531 3694 dnn.
540 3643 565 3710 1,
578 3644 609 3711 8,
625 3644 669 3709 13,
679 3646 727 3714 76,
807 3645 917 3718 (671111.
927 3645 974 3700 lib.
983 3647 1043 3713 Vll,
1058 3646 1107 3714 173
1117 3644 1264 3716 aequIH,

228 3721 334 3790 795V1,
349 3719 381 3788 5,
394 3737 423 3790 7,
437 3737 484 3791 17,
497 3721 546 3792 47,
558 3723 607 3791 48,
620 3737 647 3778 et
659 3727 726 3780 Hist.
773 3727 836 3780 28...
856 3741 916 3779 ror.

226 3800 267 3866 11,
279 3797 322 3852 65.
807 3807 847 3878 (7)
858 3807 900 3860 Cf.
917 3805 963 3857 lib.
976 3805 1014 3870 ll,
1027 3804 1060 3859 58
1075 3821 1130 3876 seq.
1142 3805 1193 3869 lx,
1206 3805 1264 3873 147,

264 3876 303 3949 (3)
312 3879 353 3931 ct.
366 3881 435 3950 inpr.
447 3881 539 3936 Senes.
552 3883 601 3956 Ep.
612 3901 683 3938 oxrv.
774 3887 821 3940 151
831 3909 838 3950 ;
850 3885 920 3951 xit,
931 3883 984 3951 3⁵4
996 3901 1035 3956 sq.
1049 3885 1098 3953 411
1113 3901 1153 3954 sq.
1167 3883 1218 3951 453
1230 3902 1263 3953 sq.

263 3955 303 4026 (4)
316 3957 376 4008 vid.
391 3957 436 4009 Sil.
452 3959 502 4027 111,
516 3963 569 4035 669
581 3981 656 4035 seqq.
670 3965 727 4031 XV,
773 3965 839 4033 487,
851 3966 917 4032 491,
930 3963 997 4027 510,
1010 3963 1062 4032 539
1077 3980 1131 4034 seq.
1149 3962 1204 4029 548
1215 3979 1265 4032 seq.

219 4024 293 4101 3¹l⁰3
307 4034 381 4103 xvt,
394 4035 444 4090 552
458 4037 492 4090 al.
773 4043 844 4094 XVII
850 4077 858 4108 ,
872 4057 920 4093 111
934 4057 975 4112 sq.
