2872 4644
596 355 788 420 HEYNIl.
1151 379 1213 468 ⁴99

219 501 264 566 Ut
283 513 395 567 entem
416 499 501 570 inter
520 496 666 586 reliquos
684 515 797 586 poetas
815 499 893 567 Silio
911 507 1119 592 potissimum
1130 501 1216 588 ille.

176 611 310 678 strando
325 633 460 702 opernm
474 632 582 690 suem.
603 611 701 676 etism
715 637 770 680 me
787 635 853 679 non
867 635 1015 702 suctore,
1031 626 1218 722 addiceret,

176 742 345 797 suaserant
358 727 428 792 viro
441 725 619 796 clarissimo
632 728 749 808 multe,
767 749 841 818 qne
856 731 926 818 ipse
941 736 1072 820 melius,
1089 767 1185 833 qnam
1199 777 1220 818 a

177 841 314 908 meliori
327 857 454 928 posset,
469 842 502 909 in
519 843 875 910 Commentationum
888 854 1049 936 exposuit.
1066 851 1219 948 Inprimis

176 954 272 1022 Silius
291 954 455 1044 singulare
473 952 588 1028 helsen
608 952 709 1021 debet
726 954 958 1046 adjumentum
973 963 1016 1028 sd
1035 974 1221 1044 ornantium

177 1071 378 1140 infinitarum
394 1093 505 1138 rernm
521 1071 647 1137 notitiis
662 1073 847 1160 ingenium,
862 1073 904 1140 nd
919 1080 1047 1168 copiam
1063 1083 1222 1158 doctrinae

176 1189 329 1276 poeticae,
342 1203 377 1255 et
388 1184 546 1252 orationis
558 1184 751 1252 facultatem
763 1187 957 1276 persndnm3
972 1194 1017 1258 itn
1029 1214 1066 1262 nt
1076 1199 1118 1264 nd
1130 1203 1222 1268 locu-

177 1300 372 1394 pletsndum
376 1301 523 1392 juvenile
532 1302 1101 1397 ingeninmeliquentumprofecisse
1109 1291 1225 1406 putem

179 1443 270 1500 eum,
284 1422 342 1508 qui
355 1419 494 1508 Virgilio
507 1419 684 1506 diligenter
694 1420 779 1486 lecto
791 1423 860 1488 Silii
870 1425 1047 1493 lectionem
1056 1431 1223 1523 adjecerit.

179 1533 315 1604 Accedit
326 1535 419 1628 qnod
430 1560 506 1605 cum
517 1535 629 1602 studio
639 1538 673 1604 in
682 1539 782 1606 rebus
793 1543 947 1614 Romanis
958 1569 1139 1640 eorumque
1151 1557 1226 1624 scri.

179 1653 329 1743 ptoribus
351 1669 512 1742 occupato
533 1653 671 1718 mirilico
692 1659 858 1744 conspirat
876 1663 1029 1729 carminis
1050 1687 1226 1754 argumen-

180 1787 267 1850 tum3
283 1785 473 1848 misceam,
488 1769 581 1858 qnod
593 1770 799 1858 Carthaginis
812 1775 981 1862 opulentia
993 1801 1031 1844 ec
1043 1781 1138 1848 luxus
1151 1803 1227 1849 cnm

179 1887 354 1975 asperitate
369 1901 403 1952 et
416 1901 610 1974 paupertate
625 1890 850 1954 Romanorum
864 1887 898 1954 in
913 1894 1105 1964 conflictum
1120 1897 1226 1965 addu-

180 2019 251 2070 etus
271 2003 374 2076 mults
390 1999 505 2083 babet,
526 2025 601 2094 quae
618 2004 661 2070 sd
679 2007 913 2094 cogitationem
933 2013 1088 2078 similium
1108 2033 1229 2083 nostrae

178 2120 281 2186 aetatis
295 2143 446 2199 casuum,
462 2119 990 2216 consiliorumevensnrttmque,
1006 2115 1144 2196 inritare
1158 2135 1228 2198 sni-

178 2259 250 2320 rnos
262 2240 400 2326 possint.
685 2262 688 2284 ¹
822 2258 828 2288 r
941 2259 955 2306 r

221 2357 367 2427 Omnino
379 2353 490 2422 nutem
500 2369 665 2447 poetarum
678 2356 843 2424 lectionem
846 2362 987 2447 juvenili
998 2368 1082 2430 oetati
1092 2389 1156 2430 esse
1168 2389 1226 2431 ac-

181 2471 407 2559 commodatam
421 2485 453 2536 el
470 2471 513 2536 ati
530 2495 620 2536 omne
638 2471 812 2538 studiorum
830 2475 1005 2541 iiberol‘nm
1023 2499 1120 2566 penus
1141 2483 1228 2546 viam

181 2589 316 2663 munire,
333 2601 423 2652 recte
436 2586 629 2675 judicarunt
645 2586 787 2675 majores
804 2590 923 2668 nostri,
938 2611 1003 2654 nec
1017 2590 1113 2655 aliter
1126 2593 1230 2658 sensit

181 2700 374 2790 antiquitas,
390 2700 515 2788 optime
527 2699 684 2787 magistro
695 2723 827 2780 eorum,
843 2711 989 2790 quernus
999 2721 1088 2770 recta
1100 2707 1228 2771 ratione

182 2835 216 2884 et
227 2840 326 2884 sensu
339 2817 507 2883 comnmni
518 2833 576 2882 sut
587 2818 788 2905 experientia
800 2835 833 2882 et
845 2809 909 2884 usti
919 2821 1139 2886 continentur.
1155 2824 1227 2887 Me-

181 2936 376 3002 minerimus
389 2933 490 3001 modo
504 2935 721 3006 Homtisnum
733 2933 835 2998 illud:
851 2933 893 3000 Os
908 2948 1048 3000 tenerum
1056 2941 1150 3028 pueri
1162 2938 1228 3002 bal-

180 3051 314 3142 bumque
325 3051 559 3144 poetafiqurat,
575 3101 582 3114 .
594 3101 600 3116 .
612 3097 619 3113 .
633 3071 706 3116 mox
718 3053 811 3114 etiam
819 3064 928 3142 pectus
936 3053 1228 3143 proeceptt'sformat

179 3171 301 3246 amicis,
316 3184 348 3234 et
360 3191 435 3258 quer
447 3185 634 3257 sequuntur
644 3167 750 3257 plum.
762 3165 864 3256 Cujus
873 3183 984 3231 temen
995 3168 1108 3232 asserti
1122 3191 1226 3258 quum

179 3307 247 3352 non
259 3284 390 3354 videam
403 3287 491 3350 inter
503 3307 618 3350 omnes
631 3285 665 3348 in
677 3301 813 3374 promtu
822 3281 936 3348 baberi
947 3305 1076 3350 caussas
1087 3301 1120 3348 et
1129 3287 1227 3349 ratio·

180 3425 240 3470 nes
254 3401 422 3490 explicitas
437 3420 471 3467 et
485 3421 634 3490 apertas:
653 3425 695 3468 ne
713 3402 800 3468 sicco
817 3385 951 3490 prorsus
966 3400 1052 3490 pede
1067 3401 1145 3466 hinc
1159 3400 1226 3466 dis-

180 3519 316 3588 cessisse
328 3517 457 3597 videar,
470 3517 629 3606 sgedum,
642 3519 756 3607 paucis
766 3517 928 3604 attingere
939 3516 1036 3581 liceat
1045 3519 1132 3604 ipses
1145 3526 1228 3580 cans-

182 3656 245 3712 sat,
268 3633 379 3724 qttibus
400 3632 517 3697 utilitas
539 3632 676 3696 hedenis
694 3644 858 3721 poetarum
881 3634 914 3694 in
928 3629 1068 3717 juvenili
1090 3633 1225 3696 maxime

181 3749 371 3812 intitutione
385 3750 560 3814 continetur
572 3759 603 3814 et
616 3745 763 3838 efficitur.

226 3864 338 3946 Quum
349 3863 473 3928 scilicet
484 3880 560 3956 post
571 3863 691 3928 multos
703 3862 874 3951 variasque
891 3860 1037 3924 virorum
1051 3857 1225 3926 doctorum

184 3979 422 4070 disputationes
432 3984 507 4049 satis
517 3999 660 4063 constet,
674 3982 914 4046 institutionem
924 3977 1227 4068 puerilemaphilo
1320 4028 1322 4037 ,

184 4093 321 4182 sophico
333 4095 445 4183 aliquo
457 4115 632 4185 systemate
643 4091 863 4171 enucleando,
874 4109 958 4158 eutn
969 4089 1142 4155 notionum
1152 4085 1226 4150 snb-

1005 4207 1045 4255 32.
