2930 4644
374 311 437 374 DE
460 309 577 374 SlLll
601 309 715 372 vlul
738 307 801 372 ΕΤ
823 309 1055 376 ΟΑΒΜΙΝΕ.
1174 315 1236 404 467

234 453 341 533 lpaum
354 469 478 511 carmen
491 449 640 510 Silianum
653 470 688 509 ex
702 449 945 509 emendatissima
956 449 1184 516 Drakenborcht
1197 477 1241 517 re·

195 543 337 604 censione
347 542 427 625 typis
439 539 671 602 exscribendum
682 540 884 614 curavi,nec,
900 553 1010 622 praeter
1021 542 1240 626 interpunctio-

197 655 283 707 nem,
305 653 374 714 quoe
393 633 505 714 passim
523 651 634 714 pamm
654 643 726 712 apte
741 629 903 689 videbatur
920 631 966 708 (v.
986 651 1012 690 c.
1030 633 1062 692 in
1082 633 1146 695 solo
1160 637 1240 698 libro

197 722 307 803 quinto
322 741 350 780 v.
372 721 441 795 126,
457 719 526 803 157,
546 719 616 799 159,
633 719 701 800 167,
720 717 902 798 176etel.),
917 717 1087 799 quidquam
1099 721 1240 786 fecerun,

198 821 264 870 tane
278 809 421 879 sustinui,
439 809 496 868 nisi
510 807 565 866 ubi
578 806 690 866 criticae
705 807 839 866 rationes
852 805 884 865 id
898 807 1027 867 omnino
1040 809 1178 888 suadere,
1196 814 1243 873 vel

198 899 301 981 potina
311 895 418 978 jubere
431 896 623 956 videbantur.
641 897 678 954 ln
692 915 754 976 quo
768 894 893 976 quidem
907 895 949 954 ita
966 909 1100 957 versatus
1112 919 1195 976 aum,
1210 915 1244 963 ut

197 1007 305 1048 omnen
320 986 475 1060 lectiones,
491 987 524 1046 in
540 985 653 1066 quibus
666 985 796 1044 varietas
809 997 897 1059 esset,
915 983 954 1043 ad
969 1003 1042 1043 vere
1056 987 1129 1046 artis
1141 1001 1172 1047 et
1186 988 1246 1050 lin·

198 1097 268 1159 gute
282 1091 434 1160 prompta
450 1076 613 1156 diligenter
627 1089 812 1150 excuterem,
825 1088 855 1136 et
868 1075 957 1134 solvis
972 1073 1124 1137 modestiae
1137 1081 1248 1140 critico

198 1169 327 1250 regulis,
339 1183 435 1230 certae
448 1168 659 1266 etexploretas
671 1168 869 1228 correctiones
885 1166 917 1226 in
934 1165 1038 1226 locum
1056 1167 1248 1251 depravatio·

199 1277 278 1316 num
297 1273 485 1358 reponerem.
507 1255 597 1314 lllam
610 1255 695 1312 enim
711 1253 876 1335 Dausqueii
894 1256 1103 1316 morositatem
1117 1271 1148 1317 et
1163 1261 1249 1340 qnasi

199 1344 460 1426 superstitionem,
475 1361 544 1422 quoe
561 1340 702 1420 religioni
715 1341 771 1401 sibi
786 1341 885 1416 ducit,
901 1341 995 1400 verba
1009 1342 1170 1404 manifesto
1184 1367 1250 1407 cor

202 1444 295 1514 rupta
309 1442 339 1490 et
352 1431 461 1494 idoneo
472 1449 562 1488 sensu
573 1429 710 1489 carentia
722 1449 794 1488 eum
808 1427 889 1488 sanis
895 1427 996 1512 ,aptis
1007 1443 1037 1488 et
1049 1445 1140 1512 poeta
1151 1433 1251 1515 dignis

203 1531 395 1603 permutare,
417 1539 483 1580 non
502 1519 605 1578 minue
620 1517 819 1601 probandam
832 1530 925 1600 puto,
948 1535 1044 1599 quam
1061 1521 1255 1586 Nicandriet

204 1607 391 1669 Villebrunii
402 1609 435 1668 in
441 1605 507 1668 boe
518 1619 631 1667 conatu
642 1607 853 1666 temeritatem.
867 1607 928 1681 Qui
942 1625 1014 1666 vem
1027 1608 1059 1666 in
1072 1608 1145 1670 Silio
1157 1631 1256 1672 recenb

202 1696 299 1758 sendo
314 1709 345 1756 et
359 1693 539 1776 castigando
554 1693 789 1756 elaboraverunt
801 1696 859 1754 viri
874 1694 972 1770 docti,
990 1697 1130 1758 nondum
1147 1703 1254 1761 omnia

203 1804 325 1844 senmse
335 1795 365 1844 et
375 1797 454 1844 reete
464 1783 652 1844 constituisse
662 1781 804 1848 censendi
816 1794 897 1844 sunt.
911 1781 1179 1846 Drakenborebius
1190 1809 1256 1870 per-

205 1873 319 1934 multae
332 1871 449 1936 Heinsii
462 1867 664 1954 conjecturas,
676 1873 768 1933 etiam
780 1893 845 1947 eas,
858 1893 927 1952 quae
938 1871 1024 1932 nulla
1039 1867 1190 1936 librorum
1202 1901 1256 1938 eu·

203 1965 344 2026 ctoritate
356 1957 513 2037 nituntur,
530 1964 564 2022 in
579 1975 754 2024 contextum
765 1964 892 2045 recepit,
904 1961 958 2022 ubi
969 1963 1017 2022 vel
1030 1963 1156 2046 vulgata
1168 1966 1255 2028 lectio

202 2054 291 2136 quasi
303 2053 372 2135 jure
386 2053 565 2135 postliminii
581 2053 764 2128 revocanda,
785 2052 838 2112 vel·
848 2049 910 2114 alia
923 2050 1040 2134 potius,
1064 2073 1158 2136 quam
1174 2076 1255 2119 unus

203 2139 342 2221 alterque
360 2139 437 2201 liber
456 2139 590 2215 exhibet,
611 2141 710 2221 aptior
728 2140 899 2220 rectiorque
917 2139 1054 2200 videtur:
1071 2143 1170 2202 multa
1186 2159 1257 2226 poet

201 2247 275 2288 eum
290 2227 424 2312 Le'jbbvre
435 2227 543 2291 melius
555 2228 603 2288 vel
617 2229 739 2288 sanavit
752 2241 782 2288 et
795 2226 937 2309 conjecit,
952 2226 999 2287 vel
1014 2231 1145 2290 restituit
1158 2244 1188 2291 et
1203 2231 1254 2292 fir·-

203 2320 318 2382 mavit:
333 2320 395 2398 ipse
408 2317 501 2376 ειὶιιιι
513 2335 576 2375 non
589 2315 681 2376 inodo
692 2317 805 2375 centies
819 2317 882 2374 sive
895 2314 1036 2395 vulgatus
1050 2319 1112 2377 sive
1123 2321 1254 2401 optimu·

206 2427 276 2469 rum
290 2405 445 2464 librorum
458 2403 601 2464 lectiones
612 2403 776 2463 defendere
787 2415 918 2462 conatus
929 2421 1013 2477 mm,
1025 2405 1075 2464 sed
1087 2407 1182 2465 etiam
1193 2425 1259 2489 pas·

205 2495 265 2556 aim
278 2493 386 2552 vitiosa
400 2491 425 2550 si
440 2509 504 2550 nou
521 2503 601 2550 reete
614 2492 792 2565 correxisse,
808 2489 915 2550 saltem
930 2491 1055 2550 sentisse
1070 2505 1099 2550 et
1113 2493 1259 2556 indicasse

209 2581 356 2654 arbitror,
375 2577 428 2636 ubi
448 2597 541 2644 nemo
553 2595 589 2636 ea
608 2576 839 2639 animadvertit:
856 2577 1106 2658 Quotusquisque
1119 2584 1202 2640 e'nim
1215 2595 1259 2646 est

209 2685 275 2732 tam
286 2669 426 2752 lynceus,
440 2678 476 2725 ut
487 2667 596 2728 omnia
609 2665 684 2726 vitia
696 2668 760 2748 ipse
774 2687 829 2726 sua
840 2679 948 2748 sponte
959 2665 1184 2748 deprehendat,
1196 2692 1261 2732 οιιι-

209 2759 364 2838 nlbnsquc
374 2753 456 2815 boris
467 2753 537 2818 satis
549 2767 637 2816 acute
651 2755 767 2830 videat,
779 2754 879 2837 neq'ue
887 2775 947 2837 pro
957 2757 1036 2816 veris
1048 2771 1079 2816 et
1089 2760 1170 2818 sanis
1181 2781 1260 2821 non·

209 2859 384 2927 numquam
399 2844 522 2926 probet,
546 2845 710 2926 quae‘fnlsa
724 2846 786 2904 sint
804 2859 834 2903 et
846 2859 1007 2926 corrupta,
1029 2861 1083 2907 eut
1096 2859 1260 2930 tamqnam

209 2936 370 3022 perepicuo
386 2949 416 2996 et
429 2933 532 2994 facilia
548 2935 772 3016 pretermittat,
788 2953 857 3014 quae
872 2933 919 2993 vel
934 2933 988 2993 alii
1002 2955 1068 2995 non
1084 2938 1157 2997 satis
1170 2939 1259 3000 intel-

208 3029 323 3112 ligent,
343 3023 397 3085 vel*
411 3025 476 3106 ipae
495 3021 632 3084 difficilia
654 3023 804 3105 explicatu
823 3043 884 3084 eeae
901 3035 970 3082 tum
989 3023 1115 3086 demum
1135 3029 1259 3105 sentiat,

208 3137 308 3199 quum
323 3113 390 3174 aliis
404 3133 440 3174 ee
455 3125 595 3174 accurate
607 3127 637 3172 et
653 3113 810 3195 perspicue
824 3114 1017 3196 interpretari
1034 3131 1171 3177 conemr.
1186 3120 1260 3180 Nul-

208 3203 257 3264 lus
267 3205 371 3282 itaque
387 3199 510 3274 dubito,
528 3200 635 3280 siquis
651 3201 764 3260 criticoe
778 3200 852 3260 ιιιιι
865 3203 994 3282 peritus,
1013 3215 1118 3263 ettam
1135 3207 1260 3287 ingenio

208 3293 344 3376 poetico,
359 3307 455 3370 quam
466 3287 598 3370 judicio,
613 3287 741 3350 adsidua
755 3288 819 3348 Silii
833 3288 1031 3371 aliorumque
1045 3307 1206 3374 poetarum
1220 3296 1260 3356 le·

207 3381 310 3440 etiorm
324 3376 463 3436 fonnatn
476 3388 569 3456 atque
582 3376 725 3452 subacto,
746 3389 888 3452 ornatus,
910 3397 1034 3446 carmen
1048 3393 1191 3442 nostrum
1203 3389 1258 3442 n'o·

207 3470 253 3528 eia
264 3468 344 3529 curis
354 3465 569 3547 castigandum
581 3467 739 3548 suscipiat,
752 3485 865 3548 neque,
879 3481 915 3528 ut
928 3489 999 3550 ego,
1013 3489 1122 3551 operas
1135 3484 1258 3532 tantum

209 3557 379 3618 subsecivas
399 3569 431 3616 et
450 3555 670 3616 tumultuarias
691 3555 766 3616 huie
787 3558 830 3616 rei
845 3557 1020 3639 ‘inpendere
1041 3572 1183 3640 cogetur,
1209 3562 1259 3623 sed

205 3657 365 3724 quantum
377 3647 448 3705 eatis
459 3657 504 3705 est
517 3645 570 3704 otii
582 3643 694 3706 habeat
698 3647 799 3728 ,quin
813 3645 899 3727 large
913 3645 1016 3707 odbnc
1028 3647 1128 3708 laudis
1140 3670 1261 3756 compa·

213 3733 319 3792 rande
337 3734 441 3796 messis
458 3735 485 3794 ei
503 3737 662 3817 proposita
680 3737 728 3796 sit.
752 3735 821 3796 Non
837 3733 952 3796 desunt
966 3739 1057 3798 ειὶιιιι
1074 3737 1155 3814 l'occ,
1177 3747 1259 3823 q'uee,

204 3821 361 3902 queniam
374 3821 526 3883 librorum
540 3843 601 3905 ope
612 3827 716 3884 sanari
731 3843 796 3884 non
810 3837 968 3906 poterunt,
985 3823 1221 3910 qualicumque
1213 3852 1259 3890 m-

211 3908 303 3989 genio
324 3927 392 3968 meo
409 3910 593 3971 emendandi
615 3911 787 3994 pariendum
809 3911 875 3974 feci.
897 3913 933 3973 ln
950 3933 1011 3995 quo
1026 3927 1131 3974 tamen
1147 3929 1258 3976 conatu

204 4017 295 4072 eam,
310 3997 356 4056 uti
368 3995 502 4072 interm
518 4000 761 4062 moderationem
772 3999 914 4078 adbrbnr
932 4019 967 4062 ut
977 4017 1166 4084 conjecturae
1178 4021 1259 4062 meas

208 4105 280 4148 nou
293 4087 326 4148 in
337 4097 461 4148 textam
465 4087 647 4167 reciperem,
660 4091 718 4151 niet
708 4091 776 4150 vel
788 4090 893 4166 lectio,
905 4111 974 4172 que
986 4094 1019 4150 in
1031 4089 1162 4168 vulgatis
1173 4087 1260 4150 libris

1038 4187 1080 4235 30.
