2930 4644
252 329 316 410 438
583 326 966 394 commentitio

248 470 306 530 sim
325 467 487 530 nonnullis
498 467 574 530 locis
586 472 619 530 in
636 467 912 530 Emendationibus
929 467 991 528 suis
1009 487 1098 550 opem
1113 467 1195 527 forre
1213 487 1329 528 cona-

248 571 297 617 tus
315 570 376 633 est,
399 579 436 618 ac
459 557 566 618 Silium
585 559 675 620 nobis
694 557 800 620 multis
817 557 958 641 partibus
978 555 1138 617 meliorem
1158 554 1323 633 dedito).

248 646 356 724 Quum
373 665 447 707 vero
461 645 544 706 idem
562 646 658 710 sodex
673 667 726 730 per
739 645 939 707 Melchiorem
960 645 1155 728 Hittorpium
1174 641 1323 704 Theolo-

248 755 338 817 gum,
356 757 392 796 ac
408 733 604 800 bibliothecae
622 737 813 799 coloniensis
830 735 1024 820 prefectum,
1042 735 1135 796 etism
1152 737 1322 794 emersos

248 823 350 886 Medio
361 827 556 904 innotuisset,
568 827 727 909 integrum
740 829 764 888 is
776 843 901 910 poetam
914 825 953 886 sd
965 845 1037 886 eum
1053 843 1208 884 recensere
1221 823 1319 882 insti·

248 913 324 973 tuit:
340 935 434 996 quem
447 917 600 999 quoniam
616 937 684 978 cum
699 919 826 978 Homstn
838 928 866 977 et
877 917 908 978 V
906 913 1002 998 isyilio
1016 912 1169 987 collannn,
1187 933 1225 972 ae
1237 911 1321 972 locis

250 1003 410 1064 innumeris
430 1004 631 1080 eruendorum,
653 1018 688 1065 nt
709 1007 773 1088 ipae
796 1004 953 1088 promisit,
977 1001 1147 1085 aliquando
1165 1001 1256 1061 edere
1276 1001 1318 1060 in

249 1093 356 1155 animo
372 1091 515 1171 baberet,
532 1095 715 1178 plerumque
729 1097 861 1157 veriores
878 1093 973 1156 modo
991 1093 1171 1175 scripturas,
1187 1113 1224 1152 ex
1239 1091 1316 1150 Ma-

250 1181 407 1264 nuscripto
418 1183 608 1266 depromas,
620 1185 654 1244 in
670 1185 864 1266 Novantiquis
880 1178 1064 1244 Lectionibus
1080 1179 1315 1263 proposuit(2),

249 1279 280 1329 et
298 1269 456 1333 uberiores
476 1292 585 1334 earum
601 1272 791 1334 adsertiones
806 1271 1049 1342 commentario,
1067 1289 1161 1352 quem
1179 1267 1317 1328 medita·

250 1353 357 1431 betur,
373 1361 519 1435 servavit3
535 1360 590 1444 qui
608 1381 723 1441 magno
744 1359 921 1444 reipublicae
936 1357 1078 1418 literariae
1095 1355 1227 1430 damno,
1245 1355 1316 1414 sive

250 1439 315 1521 ejus
335 1459 449 1522 morte,
470 1449 531 1508 sive
550 1467 677 1532 quoquo
696 1447 757 1510 alio
777 1469 849 1508 casu
870 1448 1074 1528 interceptus,
1095 1457 1247 1504 aeternnm
1268 1441 1316 1501 la·

250 1530 335 1592 tebit.
363 1535 456 1596 Anno
483 1535 595 1598 deinde
619 1557 719 1598 oraine
746 1534 855 1596 Silium
882 1535 923 1596 ad
949 1532 1043 1594 fidem
1070 1532 1205 1616 ejusdem
1234 1530 1312 1590 libri

252 1618 459 1703 Agrippinatis
490 1645 526 1686 se
555 1637 693 1687 mentem
722 1622 825 1686 Modii
853 1623 1053 1686 emendatum
1080 1619 1173 1681 edidit
1199 1617 1316 1680 Deniel

250 1711 401 1790 Heinsius,
424 1728 494 1777 tum
507 1725 603 1800 ‘poene
625 1717 728 1778 adhuc
752 1737 845 1799 puer,
868 1711 1196 1797 eique'eruditissimas
1220 1724 1312 1772 notas

251 1795 384 1875 addidit,
404 1822 482 1883 quas
500 1803 542 1864 ob
561 1817 701 1866 tenerem
721 1815 858 1878 etatem,
879 1824 942 1886 qua
963 1823 1013 1864 eas
1033 1801 1227 1882 conscripsit,
1244 1801 1312 1861 oe

249 1887 362 1968 pendia
375 1889 496 1952 Siliano
506 1895 640 1970 vocavit,
653 1893 705 1956 sed
720 1914 855 1976 quarum
867 1894 969 1976 ipsum
982 1912 1038 1952 nec
1049 1911 1154 1952 senem
1166 1909 1311 1972 unquam

252 1975 407 2055 poenituit.
430 1979 503 2040 Post
524 1981 687 2042 Danielem
710 1982 875 2042 Heinsium
902 1976 1122 2040 memorandus
1146 1991 1190 2037 est
1221 1975 1312 2037 etau-

251 2059 316 2122 ἀίω
342 2067 526 2150 Dausqueius
552 2069 797 2146 Sanctomorius,
819 2071 998 2131 Canonicns
1014 2068 1236 2142 Tornscensis,
1255 2067 1312 2148 qui

252 2168 339 2214 anne
361 2155 509 2235 preteriti
530 2155 623 2217 seculi
645 2158 757 2239 quinto
778 2171 810 2218 et
831 2157 965 2233 decimo,
989 2175 1053 2217 non
1075 2169 1183 2216 octavo
1204 2168 1236 2214 et
1257 2153 1312 2215 de-

252 2240 347 2315 cimo,
372 2254 409 2302 ut
432 2243 577 2324 quedam
601 2245 790 2330 exemplaria
811 2247 969 2323 exhibent,
995 2244 1083 2306 solita
1106 2240 1312 2328 typographis

253 2323 376 2407 fraude,
395 2330 459 2394 Silii
475 2334 593 2396 Punica
609 2356 677 2398 non
692 2335 925 2398 contemnendo
941 2332 1168 2412 commentario
1179 2331 1312 2392 illustra-

253 2418 306 2478 vit.
318 2419 484 2505 Optimam
501 2423 551 2486 hic
568 2445 695 2510 operam
714 2425 787 2488 Silio
807 2447 923 2488 navare
942 2426 1105 2509 potuisset,
1124 2423 1184 2484 nisi
1201 2423 1312 2484 insano

254 2507 398 2575 Modium
415 2527 445 2576 et
462 2516 628 2578 Heinsiurn
642 2516 790 2599 carpendi
805 2516 908 2579 studio
925 2531 960 2577 nt
975 2515 1148 2599 plurimum
1159 2515 1194 2573 in
1205 2511 1311 2595 pejora

253 2597 414 2683 abreptus,
437 2603 552 2688 ubique
573 2627 605 2668 se
625 2605 861 2690 typothetarum
884 2605 1076 2688 mancipium
1099 2615 1256 2686 praestare,
1282 2615 1313 2662 et

255 2707 320 2751 non
336 2695 526 2757 excusandos
544 2715 655 2760 eornm
673 2717 791 2758 errores
809 2698 961 2781 patienter
981 2694 1062 2756 ferre
1082 2714 1118 2754 sc
1138 2691 1310 2776 patrocinio

254 2799 311 2840 suo
333 2783 468 2864 probare
484 2787 657 2863 maluisset,
677 2807 773 2869 quam
793 2789 964 2848 verissimas
984 2784 1128 2846 lectiones
1148 2803 1184 2843 ex
1201 2779 1311 2842 Codice

253 2868 431 2934 Coloniensi
443 2889 559 2950 erutas,
571 2877 659 2962 cnjus
670 2877 734 2960 ipse
744 2878 839 2938 etiam
855 2887 995 2958 excerpta
1011 2874 1053 2934 ab
1065 2873 1227 2934 Heriberto
1239 2871 1312 2930 Ros·

254 2959 362 3043 weydo
379 2965 527 3046 aooepisse
544 2965 681 3044 videtur,
702 2987 884 3051 agrioscere:
905 2968 939 3028 in
955 2985 1049 3049 quern
1070 2963 1193 3045 gravius
1212 2960 1311 3020 disere

200 3067 203 3074 ·
255 3047 431 3128 abstinebo,
452 3053 535 3134 quod
554 3069 734 3138 postumam
752 3057 851 3118 Modii
869 3079 905 3118 ae
923 3055 1060 3140 parentis
1081 3053 1128 3113 sui
1146 3050 1262 3112 famam
1281 3062 1310 3109 et

254 3155 385 3212 nomen,
399 3138 565 3220 justissima
577 3143 793 3228 indignatione
809 3147 1038 3219 inflammatus,
1051 3142 1163 3225 passim
1175 3137 1309 3199 vindiea-

254 3226 331 3285 verit
345 3229 489 3291 Nicolsus
500 3231 653 3296 Heinsius.
670 3235 789 3298 Eodem
803 3249 958 3320 tempore,
974 3255 1038 3316 quo
1051 3231 1139 3292 labor
1153 3228 1204 3290 ille
1215 3229 1308 3287 Daus-

254 3316 337 3396 qneii
355 3317 480 3400 prodiit,
494 3321 566 3384 Silio
579 3325 672 3387 etiam
689 3326 821 3387 medicas
838 3345 950 3386 manus
965 3322 1104 3384 admovit
1118 3321 1167 3380 vir
1182 3315 1309 3378 inlinitae

255 3402 397 3467 lectionis
415 3409 527 3492 Caspai·
542 3411 698 3491 Bentian,
717 3416 772 3496 qui
788 3437 842 3498 per
858 3416 974 3475 Janum
989 3413 1160 3472 Gruterum
1173 3419 1308 3488 exeerpta

254 3505 392 3556 veterum
410 3499 678 3577 membranarum,
699 3522 769 3584 quse
793 3504 907 3566 Oxonii
930 3504 963 3562 in
985 3499 1115 3581 Collegii
1135 3493 1308 3580 Reginensis

255 3583 442 3648 bibliotheca
461 3603 636 3665 servantur,
655 3591 799 3674 adeptus,
817 3613 890 3653 eurn
910 3611 1037 3654 omnem
1057 3588 1150 3650 variis
1168 3585 1307 3648 Adversa·

256 3672 375 3736 riorum
391 3675 479 3737 libris
494 3680 699 3761 recensuit&
718 3681 777 3742 Hic
788 3695 893 3743 sutem
905 3681 1024 3758 Codex,
1038 3677 1109 3739 licet
1119 3696 1187 3738 non
1198 3672 1306 3754 ubique

292 3807 333 3880 (r)
359 3811 389 3861 ln
416 3809 567 3862 Emendntt.
597 3823 624 3864 et
650 3811 759 3886 Antiqq.
842 3809 1116 3884 (affinitisrmncot.
1133 3805 1214 3874 1584,
1228 3805 1306 3868 irs-8⁰,

256 3887 761 3961 Lectt.libris,Antverp.1576,in-8⁰,
806 3882 1305 3962 etinGruteriLampadeartianNs

256 3981 282 4019 et
293 3967 373 4020 Paris.
389 3969 465 4032 1583,
477 3967 566 4034 editis,
577 3982 657 4042 etque
668 3972 695 4024 in
705 3973 760 4024 Το-
840 3971 880 4043 (3)
893 3971 947 4039 Qui
963 3970 1039 4042 prelo
1053 3967 1142 4021 excusi
1154 3975 1217 4016 sunt
1228 3961 1306 4015 Pran-

255 4064 299 4097 sno
313 4046 349 4096 ΙΙΙ
358 4043 503 4116 Lampadis
512 4051 609 4102 artium
623 4051 759 4105 Gruteris-
804 4053 857 4102 cor'.
873 4051 953 4116 1624,
964 4051 1013 4102 iol.
1024 4051 1066 4104 cf.
1080 4047 1171 4101 Grenii
1182 4041 1304 4099 Animad-

255 4125 404 4178 nereensis
416 4125 540 4180 Pronnoi.
558 4130 639 4198 1604,
650 4132 730 4184 iii-8⁰.
803 4145 884 4182 veras.
898 4127 995 4201 philol.
1009 4129 1061 4193 Xl,
1073 4145 1100 4200 p.
1118 4125 1157 4179 15.
