2930 4644
338 403 401 470 DE
425 401 678 470 siniivrra
702 400 766 464 ET
788 399 1021 466 C'ARMlNE.
1139 403 1203 484 433

156 551 219 615 tus,
234 553 264 602 et
278 540 435 604 oblivione
448 563 484 601 ac
499 539 619 600 silentio
635 551 757 598 tantum
772 557 838 597 non
853 537 987 619 sepultus
1001 561 1064 602 esse
1077 543 1211 614 videtur.

157 627 187 686 Si
200 629 285 689 enirn
300 629 402 690 solum
418 628 580 690 Sidonium
594 625 804 708 Apollinarem
822 625 1019 707 excipiamus,
1038 651 1056 688 a
1069 645 1211 718 tempore

161 715 253 777 Plinii
267 739 303 778 ac
317 718 468 778 Martialis
482 739 537 799 per
553 715 698 776 tredecim
714 712 812 776 ferme
826 713 926 774 secula
945 714 1049 776 nullus
1065 717 1138 800 fuit,
1156 730 1212 809 qui

161 804 225 887 ejus
243 807 291 867 vel
308 808 401 868 verbo
421 806 595 866 meminisse
613 805 793 886 reperiatur.
813 803 898 880 Quin
917 803 1043 886 insuper
1060 818 1216 877 constanti

163 895 240 956 adeo
257 894 341 958 fama
355 912 384 958 et
397 895 621 958 existimatione
635 892 804 954 hominum
819 892 921 952 seculo
939 911 994 952 xiv
1009 894 1151 962 volvente
1166 926 1215 986 pe.

164 983 248 1044 riisse
259 985 453 1060 credebatur,
466 999 501 1044 ut
516 986 540 1044 F
541 983 696 1044 ranciscus
713 977 894 1056 petrarcha,
909 981 1029 1063 primus
1043 982 1095 1046 ille
1106 984 1216 1054 huma.

163 1073 288 1149 niorum
312 1073 472 1136 literarum
493 1075 699 1145 instaurator,
720 1071 890 1146 damnum,
914 1070 999 1151 quod
1021 1071 1087 1133 Silii
1110 1099 1220 1159 poema

164 1160 335 1228 amittendo
352 1161 452 1224 studia
473 1175 577 1222 nostra
595 1157 699 1221 iecisse
716 1159 985 1234 existimabantur,
1004 1164 1150 1226 resarcire
1169 1190 1223 1230 ou.

165 1250 268 1332 piens,
285 1272 377 1334 opus,
394 1253 445 1313 cui
459 1253 570 1334 Africae
585 1270 699 1311 nomen
716 1248 812 1322 dedit,
832 1261 862 1308 et
880 1269 943 1331 quo
960 1248 1033 1310 belli
1049 1254 1159 1316 Punici
1177 1281 1224 1321 se-

165 1339 261 1400 cundi
280 1337 444 1402 historiam
461 1339 599 1402 versibus
622 1338 798 1421 complexus
817 1351 875 1414 est,
896 1344 1119 1422 composuerit:
1141 1352 1224 1429 quod

166 1430 298 1491 minime
312 1428 448 1492 facturus
463 1431 556 1492 fuisse
571 1428 708 1504 videtur,
728 1431 752 1489 si
769 1443 865 1511 poetae
884 1431 979 1490 nostri
995 1431 1134 1497 laborem
1151 1439 1227 1504 alibi

167 1515 310 1578 locorum
323 1517 549 1579 delitescentem
563 1536 718 1598 superesse
733 1517 880 1598 suspicari
894 1519 1099 1603 potuisset(r)
1113 1525 1242 1609 Depul..

169 1607 210 1664 sis
219 1604 346 1667 tandem
357 1621 411 1666 aut
423 1605 630 1688 fugientibus,
642 1625 712 1688 quae
723 1606 793 1667 orbi
804 1606 949 1666 universo
960 1606 1079 1672 obfusae
1090 1611 1230 1695 firerunt,

171 1696 355 1778 ignorantiae
367 1696 516 1772 tenebris,
530 1711 560 1757 et
573 1696 655 1756 felici
670 1697 806 1778 auspicio
818 1698 1048 1760 renascentibus
1062 1709 1166 1766 omnis
1179 1731 1231 1790 ge-

172 1783 255 1844 neris
269 1783 392 1860 studiis,
404 1806 504 1866 quum
518 1782 750 1846 monachalium
762 1782 1023 1846 bibliothecarum
1035 1786 1177 1855 horridas
1188 1795 1233 1858 la.

172 1872 274 1934 tebras
283 1873 420 1935 studiose
429 1888 604 1934 excuterent
612 1874 669 1934 viri
681 1873 807 1948 eruditi,
818 1873 910 1935 etiarn
917 1873 1007 1936 Silius
1018 1898 1090 1940 cum
1101 1882 1232 1948 infinitis

172 1960 242 2020 aliis
254 1961 345 2043 prisci
362 1962 418 2022 aevi
432 1960 633 2044 scriptoribus
647 1981 682 2020 ex
698 1958 838 2041 squalido
853 1961 913 2020 situ
927 1975 957 2020 et
972 1963 1099 2044 pulvere
1112 1985 1233 2052 protra.

171 2063 253 2126 ctus,
266 2064 296 2112 et
310 2052 343 2112 in
358 2049 460 2112 lucem
471 2049 644 2112 vindicatus
658 2063 711 2109 est.
726 2051 770 2110 Ne
785 2069 858 2110 vero
872 2050 972 2111 varias
986 2052 1152 2121 doctorum
1166 2065 1235 2146 opi.

171 2141 285 2206 ,aiones
303 2140 342 2202 de
361 2155 501 2216 auctore,
520 2139 590 2202 loco
605 2152 636 2199 ct
653 2152 808 2220 tempore,
828 2158 891 2218 quo
908 2133 998 2202 Silius
1017 2159 1155 2227 repertus
1173 2169 1234 2231 est,

173 2231 381 2294 memorando
402 2229 551 2314 patientia
569 2228 691 2290 lectoris
709 2229 843 2288 nimium
859 2227 984 2306 abutar,
1004 2233 1106 2296 dicam
1126 2244 1233 2304 verisi-

173 2320 341 2382 millimum
353 2320 431 2382 mihi
442 2319 554 2393 videri,
565 2318 683 2379 Punica
696 2315 762 2380 haec
773 2319 898 2378 inventa
909 2317 1003 2381 fnisse
1014 2345 1069 2404 per
1079 2327 1233 2411 Poggium

174 2407 391 2469 Florentinum
414 2427 511 2490 prope
529 2405 747 2466 Constantiam
764 2405 799 2464 in
817 2408 1006 2468 monasterio
1027 2410 1129 2473 Sancti
1149 2418 1233 2481 Galli

174 2511 315 2579 tempore
332 2498 456 2560 concilii
473 2495 726 2556 constantiensis.
744 2495 833 2554 Certe
848 2494 1002 2576 Poggium
1015 2499 1079 2559 Silii
1094 2504 1235 2570 invento.

177 2607 241 2646 rem
255 2607 317 2647 esse
330 2587 470 2668 agnoscit
483 2583 675 2664 Hugolinus,
690 2603 743 2644 seu
758 2583 911 2665 Ugolinus
926 2588 1076 2665 Verinus‚
1090 2595 1145 2672 qui
1165 2618 1232 2660 non

177 2671 271 2756 longe
290 2673 442 2756 posthaec
460 2687 601 2754 tempora
619 2672 706 2746 vixit,
721 2684 751 2732 et
764 2671 884 2753 scriptis
899 2673 1058 2752 inclaruit,
1079 2679 1130 2738 lib.
1151 2685 1180 2744 ΙΙ
1196 2687 1234 2748 de

179 2763 260 2823 Viris
272 2763 387 2825 illustr.
399 2762 484 2824 urbis
495 2762 632 2822 Floreat.
645 2760 699 2821 ubi
714 2763 867 2842 Poggium
882 2761 924 2822 sic
935 2769 1151 2848 commendat:

322 2869 394 2937 Quin
404 2869 485 2921 etiam
495 2867 589 2921 sollers
599 2867 739 2920 Germanis
749 2868 818 2919 eruit
829 2869 912 2920 antris

321 2950 352 3002 ln
362 2949 466 3002 huna
477 2947 601 3022 altiloqui
611 2949 703 3002 divina
712 2947 850 3002 volumina
860 2948 915 3002 Sili.

213 3081 254 3154 (r)
263 3079 364 3134 Eadem
375 3093 415 3143 est
425 3081 558 3133 sententia
567 3079 683 3132 Fabricii
727 3079 753 3132 le
766 3078 861 3132 Poe'mc
876 3081 908 3133 de
918 3080 1011 3150 Silius,
1024 3081 1047 3136 il
1058 3083 1116 3138 n'en
1132 3090 1176 3144 erit
1183 3111 1233 3164 pas

180 3175 207 3216 et
216 3161 321 3214 Ernesti
330 3161 358 3212 in
369 3159 495 3212 biblioth.
505 3159 551 3213 lat.
559 3161 636 3211 Tora.
646 3161 683 3226 11,
722 3160 779 3232 fait
795 3179 832 3212 un
845 3179 890 3214 sur
905 3160 930 3213 le
945 3163 1030 3216 minse
1044 3168 1117 3238 sajet.
1132 3169 1165 3220 Je
1179 3175 1232 3228 suis

179 3261 207 3314 p.
222 3240 381 3312 178;v0ssii
391 3238 426 3292 de
436 3239 530 3292 histor.
543 3239 588 3293 lat.
599 3243 624 3305 1,
636 3257 683 3309 ²9,
727 3261 763 3294 au
777 3243 904 3294 contraire
920 3243 1112 3320 persuasitque
1128 3251 1232 3306 Pdrrar·

180 3343 207 3396 p.
222 3316 450 3394 rdd,etdpostoli
457 3321 522 3374 Zoni
529 3322 598 3374 Diss-
605 3325 683 3374 Voss.
728 3343 778 3398 que
792 3323 832 3375 κά
840 3323 898 3394 fait
908 3323 933 3376 ie
943 3327 1012 3392 sien,
1027 3346 1079 3400 que
1086 3334 1233 3407 ραι-σοφία

179 3403 205 3471 l,
217 3421 244 3476 p.
256 3402 283 3456 3.
294 3401 347 3456 Sed
360 3401 513 3474 refragatur
523 3401 646 3474 Lefedm
657 3404 685 3454 ia
729 3403 802 3456 avait
811 3421 849 3456 urt
857 3405 951 3471 Silius,
963 3404 1028 3477 qu'il
1038 3411 1234 3481 regardoitsam

182 3484 284 3538 Proeiat.
294 3481 364 3536 Edit.
373 3481 592 3536 Latino-Gallice
600 3501 626 3554 p.
640 3499 685 3549 ro,
729 3483 1236 3565 doutecommeleseulexemplairequi

183 3561 405 3635 cujusverba,ab
414 3560 454 3616 Ill.
463 3565 567 3616 Ernesti
576 3565 629 3633 jam
639 3562 688 3616 ad·
724 3563 774 3636 frit
785 3566 861 3631 reste,
878 3577 905 3618 et
919 3563 986 3636 qu'il
1002 3587 1019 3618 a
1038 3565 1115 3622 laese
1131 3573 1236 3644 ignores·

184 3644 286 3716 posita,
297 3642 354 3696 hec
365 3655 428 3695 sunt
439 3665 445 3694 ι
462 3643 577 3698 «lesuis
587 3641 687 3696 courel·
729 3662 799 3717 pour
806 3644 833 3696 ta
843 3645 928 3717 gleire
938 3645 971 3698 de
979 3665 1026 3700 son
1034 3667 1129 3722 propre
1140 3671 1234 3708 ouem·

184 3724 282 3776 lement
292 3723 436 3776 convaincu
444 3721 533 3797 paria
545 3723 643 3777 lecture
651 3725 687 3776 du
729 3743 792 3798 ge.»
809 3725 886 3776 lianc
901 3727 1084 3798 suspicionem
1101 3734 1178 3786 nimis
1191 3739 1234 3790 in·

186 3800 543 3878 Poimdrl'dtrarque‚que
551 3821 580 3856 cc
588 3805 688 3856 Sonant
729 3805 860 3875 juriosara
879 3805 975 3878 probat
994 3827 1091 3863 censor
1112 3815 1234 3872 eruditus

185 3901 219 3936 aa
236 3881 309 3933 avait
326 3899 362 3933 aa
383 3881 549 3954 exemplaire.
571 3883 689 3936 Draken-
733 3885 761 3936 in
769 3883 866 3936 Annei.
874 3883 972 3938 literar.
984 3885 1109 3963 Gtetting.
1118 3912 1143 3946 a.
1156 3898 1231 3967 1782.

185 3960 306 4014 borchet
321 3959 361 4013 Μ.
379 3959 405 4012 le
420 3961 500 4014 baron
514 3963 545 4015 de
561 3963 588 4015 la
604 3963 691 4016 Basse
733 3963 869 4017 additam.
883 3985 942 4039 pag.
960 3965 1007 4020 261
1017 4007 1026 4036 ,
1036 3969 1096 4023 262.

188 4043 290 4114 (Mem.
309 4041 341 4093 de
359 4040 500 4093 unates.
519 4043 561 4096 des
579 4045 690 4118 Inscrip.
769 4043 899 4098 Videatur
908 4065 1016 4120 quoque
1023 4049 1190 4104 Colomesius
1200 4053 1236 4104 ad

191 4125 268 4176 Tam.
279 4121 349 4192 XV)
360 4133 407 4174 ortt
420 4121 519 4192 rdpdil,
530 4121 628 4194 (sapies
640 4124 692 4176 hil.
735 4123 845 4198 Ggrsldi
852 4125 1041 4198 dialog.lV,de
1049 4131 1166 4184 Historia
1175 4147 1239 4200 poe·

192 4199 298 4269 Girald,
308 4201 389 4276 pueri
399 4201 542 4274 Pitrarque
552 4203 694 4256 etitccnnu
721 4225 725 4232 ·
736 4217 825 4264 taran
836 4208 926 4278 pegia.
941 4208 1000 4274 aio.
1011 4207 1058 4259 Eu.

266 4301 291 4340 ²·
1068 4286 1101 4340 28
1200 4300 1207 4308 ·

1445 1224 1446 1266 i

1444 1293 1446 1326 i
