2930 4644
388 383 451 450 DE
474 382 591 450 SlLll
614 383 814 488 VlTlluET
838 390 1069 458 CARMINE.
1190 395 1252 478 409

248 523 292 584 Ex
306 519 383 585 villis
397 525 509 585 idcirco
523 527 712 610 potissimum
726 528 793 589 illas
810 551 995 614 magnopere
1010 532 1098 592 Silius
1113 531 1254 605 amabat,

0 581 2 600 ⁵
105 625 112 686 ζ
207 632 277 690 quae
291 634 339 674 eos
352 613 492 676 dominos
505 617 662 696 quondam
678 615 866 696 habuerant,
886 643 962 704 quos
980 624 1041 703 ipse
1058 623 1193 682 imitatus
1211 633 1255 682 est

207 702 394 782 plurimum:
411 718 486 787 puto
503 706 654 768 Ciceronis
668 722 760 790 atque
774 711 909 792 Virgilii3
925 712 1007 772 illius
1021 734 1130 795 nempe
1144 711 1254 773 Acade·

208 792 318 866 mium,
338 790 441 874 hujus,
460 815 528 874 quae
542 795 715 876 sepulcrum
730 797 847 858 domini
861 800 1095 880 continebat(1).
1113 800 1158 860 De
1171 810 1253 859 utra·

206 898 265 958 que
279 880 323 938 ita
335 901 406 942 cum
420 881 511 942 laude
524 883 586 944 Silii
600 884 749 946 Martialis
763 888 858 970 epigr.
874 889 931 963 Xl,
945 885 999 967 49,
1014 888 1113 948 canit:

345 1003 424 1058 Silius
434 1005 490 1058 hrec
500 1010 591 1081 magni
602 1009 720 1063 celebrat
730 1017 894 1066 monimenta
904 1015 1024 1066 Maronis
1035 1053 1043 1079 ,

380 1083 479 1156 Jugera
490 1085 600 1139 fecundi
610 1091 656 1159 qui
667 1091 803 1143 Ciceronis
812 1092 903 1145 babet.

344 1161 475 1215 Heredem
486 1164 680 1238 dominumque
693 1171 734 1222 sui
746 1170 893 1243 tumulique
904 1171 1023 1242 larisque

380 1244 442 1296 Non
452 1245 533 1300 alium
544 1247 636 1300 mallet
646 1269 695 1302 neo
707 1251 798 1319 Maro,
808 1272 858 1304 nec
867 1253 970 1306 Cicero.

201 1355 282 1416 Sicut
305 1379 390 1441 ergo,
416 1378 487 1424 ante
510 1366 722 1442 consulatum,
749 1371 925 1433 Ciceronem
950 1372 982 1430 in
1008 1369 1104 1430 causis
1129 1365 1252 1448 agendis

201 1443 440 1532 doctissimisque
453 1453 644 1516 orationibus
658 1459 819 1520 aemulatus
832 1476 891 1535 est;
910 1461 952 1520 ita
970 1459 1131 1518 Mamnem
1149 1467 1251 1535 postea

113 1564 118 1573 ·
175 1589 176 1592 ,
200 1531 233 1591 in
251 1533 357 1613 primis
372 1534 496 1613 habuit,
514 1561 606 1620 quem
622 1543 806 1620 imitaretur,
826 1569 923 1629 quum
938 1549 970 1607 in
984 1547 1046 1606 otio
1060 1543 1097 1604 ad
1112 1543 1250 1603 carmina

199 1619 359 1682 scribenda
382 1645 412 1683 se
433 1627 618 1690 contulisset.
643 1631 736 1713 Cujus
757 1636 904 1694 memoria
924 1637 1017 1695 etiam
1038 1635 1079 1693 ita
1102 1632 1128 1692 ei
1151 1645 1257 1690 sacro-⁴

198 1721 302 1769 sancta
322 1709 396 1789 fuit,
418 1728 453 1774 ut
471 1741 485 1770 u
496 1717 629 1778 natalem
649 1721 729 1782 illius
748 1723 927 1805 religiosius,
947 1746 1040 1807 quarn
1055 1743 1160 1794 suum,
1174 1719 1248 1792 cele·

198 1795 315 1874 braret,
338 1814 367 1860 et
390 1804 617 1868 monimentum
641 1809 704 1892 ejus
727 1811 827 1888 adire,
851 1827 885 1873 ut
907 1815 1074 1896 templum,
1097 1809 1244 1882 soleret2”

197 1888 282 1967 quod
302 1891 407 1953 itidem
425 1895 580 1958 Secundus
598 1901 849 1986 epistolasaepius
867 1904 993 1965 laudata
1012 1899 1205 1975 observavit(
1224 1901 1244 1978 ).

195 1976 256 2035 Nec
275 1997 311 2038 ex
329 1981 500 2063 fflmpania
518 1984 649 2048 discessit
669 2003 786 2070 postea,
805 1991 970 2074 sedusque
989 1991 1028 2051 ad
1050 2009 1129 2048 mxv
1150 1986 1246 2046 {elatis

195 2085 315 2127 annum
329 2070 443 2132 ibidem
456 2079 670 2156 perseveravit,
685 2091 715 2139 et
729 2081 761 2140 in
776 2081 977 2163 Neapolitano
991 2093 1123 2141 mortem
1137 2078 1222 2139 obiit.

233 2155 322 2217 Hanc
339 2181 402 2221 non
419 2161 545 2225 fatalem
561 2163 686 2243 habuit,
703 2171 872 2250 quamlibet
888 2193 978 2232 senex
994 2169 1176 2242 admodum,
1193 2168 1243 2228 sed

192 2243 293 2304 inedia
307 2248 404 2309 vitam
419 2249 533 2331 finivit,
545 2277 630 2318 more
644 2256 703 2318 illis
717 2261 905 2344 temporibus
921 2273 1052 2342 recepto,
1065 2271 1115 2331 ut,
1127 2258 1151 2317 si
1165 2257 1242 2317 insa-

193 2330 327 2392 nabilem
352 2338 498 2399 morbum
523 2344 685 2418 sentirent,
709 2358 763 2405 aut
788 2347 847 2407 alio
871 2346 967 2422 malo,
992 2345 1073 2428 quod
1100 2363 1242 2426 superare

193 2417 401 2502 desperarent,
421 2427 656 2509 adfligerentur,
678 2434 735 2514 ipsi
757 2433 897 2496 homines
919 2449 1026 2518 sponte
1046 2455 1100 2494 sua
1122 2454 1158 2492 ex
1180 2433 1241 2490 vita

194 2506 322 2586 abirent
343 2511 409 2572 Hoc
428 2514 615 2596 Pomponius
637 2520 749 2580 Atticus
770 2521 840 2584 fecit
860 2523 943 2605 apud
964 2525 1057 2583 Corn.
1077 2522 1241 2602 Nepotem

193 2591 250 2654 boc
262 2598 419 2659 Cornelius
432 2601 530 2662 Rufus
544 2606 627 2688 apud
644 2607 779 2669 Plinium
792 2613 849 2693 Ep.
865 2615 893 2686 l,
910 2633 959 2687 12,
974 2608 1185 2694 proculdubio
1199 2607 1240 2665 ita

193 2703 227 2744 ex
247 2685 417 2749 Stoicorum
437 2690 595 2774 disciplina
615 2696 761 2775 instituti,
780 2701 892 2782 quibus
908 2701 1037 2781 dignum
1053 2699 1187 2785 sapiente
1200 2697 1242 2755 vi-

229 2881 268 2954 (ι)
286 2883 358 2938 ldem
377 2903 474 2959 praeter
492 2893 559 2947 alios
580 2899 694 2967 putabat
738 2899 814 2952 loeus
829 2902 851 2951 is
867 2914 1011 2966 mereatur,
1027 2901 1049 2952 si
1067 2909 1138 2950 recte
1156 2896 1240 2967 aliqui

190 2961 288 3040 lieder.
302 2963 336 3016 ad
350 2967 466 3022 Martial.
481 2975 564 3044 epigr.
580 2975 629 3037 Xl,
644 2976 692 3048 49,
738 2979 881 3033 emundant
891 2981 974 3053 epigr.
985 2982 1032 3033 Ll:
1043 2979 1123 3032 Silius
1131 2976 1239 3029 Audiuo
1261 2981 1262 2986 ’

188 3055 216 3097 et
235 3042 278 3096 51.
294 3047 331 3098 Ex
346 3045 389 3100 bis
408 3061 497 3103 tamen
518 3053 597 3122 locis,
616 3070 642 3109 et
661 3077 693 3110 ex
738 3061 842 3112 tandem
852 3065 976 3113 uoecum't
984 3059 1077 3134 apello.
1086 3057 1184 3112 Saltem
1194 3075 1238 3109 ve·

188 3123 256 3177 Plio.
272 3126 356 3198 Epist.
368 3130 418 3196 lll,
430 3131 461 3195 6,
474 3151 528 3184 non
541 3135 630 3209 colligi
643 3157 691 3210 po·
737 3139 871 3191 sisimilius
890 3139 972 3206 illud,
990 3157 1070 3212 quam
1087 3136 1160 3209 quod
1175 3135 1237 3189 libri

188 3205 449 3280 tost,Silinmipsam
458 3214 575 3266 Maronis
587 3216 690 3285 villam,
735 3219 851 3291 vulgati;
871 3220 917 3274 ubi
936 3221 1025 3293 inepte
1044 3231 1084 3272 est
1104 3217 1235 3291 Arpinus,

188 3303 245 3357 quc
255 3305 309 3338 non
320 3287 400 3362 longe
413 3309 428 3342 a
439 3292 509 3345 Nolo
519 3296 587 3362 suit,
598 3315 691 3368 posse·
734 3317 795 3351 euru
808 3299 842 3352 de
853 3299 942 3352 Tullio
959 3317 1046 3353 sermo
1058 3317 1113 3350 non
1128 3299 1170 3350 sit.
1182 3296 1236 3350 Sed

188 3365 272 3430 disse;
292 3367 339 3420 sed
359 3371 455 3442 sepius
474 3375 531 3442 ejus
544 3380 690 3431 monimen·
735 3383 840 3452 utrique
853 3381 962 3434 lectioni
972 3379 1147 3453 praetulerim,
1160 3375 1234 3450 quod

187 3459 259 3511 tum,
270 3448 386 3520 Neapoli
400 3454 566 3523 proximum,
581 3455 687 3511 adiisse.
735 3461 761 3512 in
773 3459 1001 3526 disseruimus,
1014 3460 1173 3524 Scriverius,
1188 3457 1234 3510 alii

187 3527 227 3578 De
240 3543 293 3597 quo
306 3527 360 3579 rid.
373 3533 481 3583 omuino
495 3533 534 3585 lll.
548 3536 640 3610 lleyne
653 3539 688 3590 ad
733 3553 904 3612 repererunt:
915 3540 997 3595 Silius
1006 3551 1101 3613 optatu
1109 3557 1234 3592 meruere

188 3605 286 3657 Donati
295 3608 374 3660 vitam
381 3611 484 3683 Virgilii
494 3612 687 3684 §55,10m.v11,
733 3638 759 3671 re
768 3621 866 3672 censuit
875 3621 981 3672 umbroe.
990 3645 1001 3666 n
1013 3619 1092 3674 cour.
1104 3637 1163 3690 sup.
1175 3630 1231 3670 not.

189 3703 250 3757 pag.
264 3687 415 3752 282,nostr.
428 3692 492 3745 edit.
503 3695 575 3766 Virg.
587 3697 631 3748 Eo.
644 3697 685 3750 cf.
732 3701 757 3766 1,
771 3718 830 3771 pag.
844 3701 905 3766 405.

189 3765 269 3819 etiam
282 3767 357 3820 Voss.
376 3769 410 3822 de
426 3771 519 3825 histor.
537 3775 582 3827 lat.
596 3778 620 3843 l,
637 3795 685 3847 29,
767 3778 1230 3851 (2)SimiliterStatius,quinonmi·

189 3863 250 3916 pag.
271 3845 332 3911 143,
349 3847 396 3901 uhi
415 3849 470 3903 lraeo
490 3867 602 3907 monet:
626 3859 686 3908 nEx
733 3875 782 3908 nus
799 3859 938 3930 Virgilium
958 3859 1147 3926 venerabatur,
1166 3859 1229 3913 Silr.

187 3925 301 3978 Martial.
312 3926 361 3992 xl,
372 3929 419 3996 49,
429 3948 483 3981 nou
497 3932 569 3984 aliud
579 3934 686 4006 collige·
731 3937 857 4000 1V,1v,52
867 3959 872 3990 ι
885 3939 943 3992 ·En
954 3941 1229 4012 egomet...blaronei·

187 4025 215 4058 re
232 4017 286 4071 est,
300 4023 380 4076 quam
391 4007 481 4060 Silium
499 4012 582 4064 fuisse
599 4013 686 4067 domi·
731 4035 784 4087 que
797 4017 890 4069 sedens
903 4021 929 4070 in
940 4022 1058 4091 margine
1068 4016 1173 4088 templi,
1184 4020 1233 4071 Su-

184 4103 249 4138 oum
260 4083 327 4150 loci,
335 4087 361 4136 in
371 4104 425 4155 quo
433 4087 551 4141 Maronis
561 4105 617 4144 erat
628 4113 686 4145 mo·
730 4114 775 4146 mo
786 4099 918 4164 animum,
928 4111 954 4150 et
965 4099 1053 4170 magni
1064 4095 1172 4148 tumulis
1183 4095 1229 4146 ad-

186 4167 340 4218 nimenturu.
365 4163 449 4236 :lgelli
475 4181 562 4221 tamen
586 4189 684 4226 stamen
730 4179 971 4247 eanromagisnm
