2960 4644
251 337 315 418 ψ
571 329 607 394 e.
631 329 759 396 sinii
784 331 982 396 tritici

295 483 471 566 Postquam
484 474 640 565 perfectae
653 473 768 542 laudes
781 474 1027 568 hominumque
1039 479 1218 571 Deumque

248 586 393 672 Captivae
406 600 597 672 spectantur
608 605 705 670 opes,
716 581 915 673 digestaque
928 585 1051 672 praeda.

249 693 323 756 Hoc
335 713 453 755 eurum
466 689 632 766 PatribuS,
645 687 735 754 bello
748 687 820 756 haec
833 690 999 780 Martique
1012 690 1149 772 talenta,
1261 706 1310 752 aas

248 800 321 862 Hoc
334 820 449 886 regum
463 794 574 874 donis,
587 795 710 860 Dirum
722 793 787 861 hoc
799 814 877 862 ante
890 795 1001 862 omnia
1013 798 1166 886 templis:

247 905 365 969 Cetera
377 903 562 968 bellantum
574 901 697 968 dextrae
710 901 920 992 pulchroque
933 902 1049 968 labori.

245 1011 336 1093 Quin
348 1011 447 1075 etiam
459 1009 587 1074 adcitus
600 1008 716 1099 poptdi
729 1026 885 1097 regnator
897 1009 1030 1092 Hiberi,

246 1118 308 1183 Cui
321 1140 441 1206 sponsa
455 1133 487 1181 et
500 1137 629 1203 sponsae
642 1113 771 1180 defixus
784 1115 818 1179 in
831 1114 960 1180 ossibus
973 1115 1083 1182 ardor.

248 1225 341 1288 Hanc
354 1240 467 1288 notam
480 1222 594 1288 formae
607 1222 771 1286 concessit
781 1221 877 1288 laetus
890 1245 1060 1313 ovansque
1256 1252 1302 1300 ²70

247 1328 431 1394 indelibata
445 1327 602 1418 gaudenti
615 1327 743 1416 virgine
755 1326 895 1393 donum.
1259 1343 1264 1350 ·

246 1437 336 1500 Tum
348 1437 444 1500 vacui
456 1435 543 1500 curis
555 1433 665 1498 vicino
678 1434 774 1499 litore
788 1455 919 1499 mensas

246 1544 444 1620 instituunt,
457 1541 612 1632 festoque
624 1544 750 1631 agitant
761 1541 912 1606 convivia
926 1537 1007 1605 ludo

245 1649 367 1716 Laelius
381 1647 532 1714 adfatur:
550 1650 700 1729 «Macte,
715 1670 735 1714 o
748 1645 954 1726 venerande,
968 1645 1098 1736 pudici,

245 1759 388 1835 Ductor,
401 1771 508 1820 macte
521 1755 642 1820 animi:
657 1754 755 1819 cedat
767 1752 825 1819 tibi
839 1753 943 1842 gloria
955 1754 1095 1845 lausque
1253 1767 1297 1832 ηε

243 1864 445 1950 Magnorum
456 1859 614 1938 heroum,
628 1858 861 1949 celebrataque
874 1859 1021 1924 carmine
1032 1861 1148 1926 virtus.
1161 1891 1174 1920 a

243 2029 347 2084 emerito,
358 2025 397 2073 vel
411 2034 437 2072 ut
448 2025 523 2070 mariti
535 2023 580 2086 legi
592 2023 702 2072 monebat
715 2025 744 2069 tt.
759 2023 841 2072 ileinr.
855 2049 887 2060 -
902 2023 955 2082 264.
972 2033 1102 2080 ructantur,
1118 2025 1155 2071 vel
1166 2033 1301 2072 muniar

243 2101 305 2160 conj.
316 2099 386 2145 idem.
396 2124 428 2134 -
439 2099 492 2145 266.
506 2099 553 2161 nqi
563 2097 627 2143 donis
638 2099 723 2143 Duum
734 2095 792 2142 Tell.
806 2110 829 2142 et
839 2097 909 2144 Mare.
923 2097 985 2144 unde
997 2101 1045 2164 rapi
1054 2099 1123 2145 dana
1132 2099 1228 2155 Diuum,
1240 2097 1263 2144 h.
1275 2113 1296 2144 e.

242 2173 294 2217 lovi
310 2168 453 2232 Capitolino,
467 2169 529 2229 conj.
546 2166 628 2222 Leieb.
646 2169 686 2230 qni
698 2179 776 2214 umen
790 2164 906 2228 vulgatam
918 2167 971 2214 lect.
987 2169 1093 2230 praefert,
1107 2183 1179 2230 quoni
1193 2171 1226 2215 rie
1237 2169 1299 2215 dona

242 2241 370 2288 Masinissa*
380 2241 430 2301 regi
440 2239 508 2284 mina
517 2250 632 2284 mernoret
642 2239 692 2284 Liv.
704 2239 777 2294 xxx,
792 2251 826 2298 ¹7.
837 2261 868 2273 -
879 2237 933 2300 267.
944 2239 1030 2284 dextris
1038 2239 1126 2300 primns
1136 2239 1207 2286 edidit
1215 2239 1298 2284 Nican-

243 2313 294 2360 der.
306 2337 338 2348 -
350 2325 403 2373 ²70·
417 2309 478 2356 Huic
493 2310 585 2356 emend.
598 2312 685 2374 Dausq.
698 2321 722 2356 et
735 2310 763 2355 N.
779 2308 859 2355 licina
869 2333 901 2348 -ι
911 2307 965 2373 apd.
977 2309 1065 2374 effow
1075 2309 1125 2357 Gal.

242 2455 353 2522 ceteris,
370 2451 454 2506 veluti
473 2453 594 2524 primitiae
610 2451 747 2523 quedam,
792 2452 869 2520 cujus
882 2450 1090 2505 delineationem
1105 2471 1136 2505 ex
1148 2453 1224 2506 Tota.
1242 2454 1295 2520 lX,

243 2533 388 2608 adsignatae
416 2532 502 2604 (nam
529 2528 631 2603 reliqua
655 2531 747 2604 praeda
792 2529 997 2603 ephemeridle
1010 2533 1297 2590 JoumolderSoroatr

241 2627 337 2686 postea
353 2614 381 2665 in
398 2614 486 2665 varias
503 2623 593 2683 partes
608 2612 704 2684 dipesto
719 2631 745 2663 v.
792 2611 993 2682 exprimendam
1004 2614 1249 2669 curaritDrakenh.
1260 2647 1295 2658 —

243 2697 311 2770 264)
322 2711 350 2750 ut
361 2715 403 2768 ap.
415 2693 492 2750 Ovid.
504 2697 553 2766 Ep.
565 2695 627 2746 Her.
639 2694 675 2758 ΙΙ,
688 2693 744 2747 130.
792 2707 852 2760 ²7⁰·
864 2691 1071 2762 noramformoe,
1082 2695 1154 2747 conf.
1164 2696 1248 2748 Rentl.
1259 2696 1295 2750 ad

244 2781 285 2831 Tu
304 2796 372 2830 novo
390 2787 494 2829 seruntoe
511 2792 599 2846 carpes
618 2771 746 2826 libamina
790 2771 854 2824 Hor.
867 2770 919 2826 Od.
933 2773 971 2839 11,
983 2787 1017 2838 ιι,
1030 2774 1060 2838 65
1074 2785 1150 2828 nonu
1161 2775 1188 2827 in
1199 2776 1294 2828 iratres

236 2859 336 2931 famae,
347 2855 374 2908 h.
385 2875 409 2908 e.
419 2856 522 2927 primus
532 2851 686 2926 degustabis
696 2871 746 2924 pu·
790 2851 875 2902 animi
882 2853 995 2922 parmi.
1010 2851 1057 2904 En.

241 2937 360 2992 dicitiam
374 2935 504 2988 hactenus
518 2946 667 2994 servatam
681 2932 743 2984 Era.
827 2930 887 3002 274.
903 2931 974 2985 Bene
989 2934 1111 2986 Ernesti:
1131 2933 1208 3008 uligo
1221 2935 1293 3006 judi·

211 3014 214 3024 ’
241 3019 320 3072 conf.
334 3014 562 3088 sup.X,551‚et
574 3013 612 3064 ibi
625 3026 680 3067 not.
790 3011 861 3063 cium
878 3025 965 3084 postte
983 3012 1295 3070 inh.l.maximadesi·

278 3098 330 3150 263
342 3113 382 3165 sq.
396 3094 474 3147 Cani.
486 3094 520 3144 dc
530 3091 626 3164 praedae
639 3092 745 3144 divisio·
789 3088 864 3144 dero.
890 3093 944 3144 Gur
969 3091 1078 3146 balium
1105 3097 1293 3165 potissimum,

240 3197 275 3230 ne
287 3173 430 3246 Polyb-X,
445 3173 476 3224 16
489 3190 544 3243 seq.
556 3173 628 3241 Lips.
639 3170 673 3224 de
686 3170 742 3222 Mil.
789 3172 865 3240 cujus
882 3173 911 3223 in
928 3191 960 3226 ea
975 3191 1004 3226 re
1021 3172 1172 3227 adsentatio
1191 3179 1293 3250 magis,

239 3259 316 3308 Rom.
327 3257 360 3319 V,
375 3251 419 3318 15,
430 3265 456 3305 et
465 3249 642 3328 ScheliiDiss.
653 3249 697 3301 tx.
709 3277 743 3288 -·
788 3268 870 3322 quarn
882 3269 946 3304 vera
959 3256 1104 3326 gratiarum
1121 3258 1192 3307 actio
1207 3270 1292 3326 esset,

241 3337 291 3390 268
310 3352 364 3404 seq.
378 3333 467 3401 Scipio
479 3329 610 3403 virginem
621 3327 743 3395 Allucio,
787 3350 838 3384 nee
857 3334 963 3403 potius,
983 3333 1017 3386 ad
1037 3336 1189 3408 exemplum
1209 3339 1292 3405 Livii,

239 3417 356 3490 principi
363 3410 557 3466 Celtiberorum
568 3407 745 3476 adolescenti,
788 3428 917 3482 sponsum
931 3412 974 3466 vel
991 3428 1116 3485 parentes
1135 3417 1292 3471 munificen-

239 3498 401 3569 despousam
412 3490 509 3554 reddin
518 3489 552 3542 de
563 3506 616 3562 quo
624 3485 740 3540 vidtiv.
788 3492 1030 3560 tiam,grnr¹itatem
1038 3508 1064 3546 et
1072 3494 1230 3566 pudicitiam
1239 3497 1291 3550 sci-

239 3577 339 3644 XXW,
348 3576 395 3640 5⁰3
405 3573 476 3626 coni.
488 3567 579 3642 Polyb.
590 3567 629 3633 X,
640 3585 685 3638 19,
696 3571 742 3639 qui
787 3570 876 3640 pionis
894 3571 1034 3626 laudantes
1049 3573 1171 3628 inducit?
1186 3577 1291 3631 Scilicet

240 3655 368 3720 etiamde
384 3650 490 3706 reddita
504 3667 587 3702 uxore
600 3646 742 3701 Mandonii
786 3667 901 3721 sponsus
910 3669 964 3704 uon
975 3668 1028 3706 tam
1037 3653 1117 3708 docte
1125 3655 1236 3710 laudare
1243 3676 1291 3729 po·

239 3737 336 3788 similia
347 3733 429 3786 tradit
439 3752 462 3785 c.
477 3731 516 3784 18.
526 3759 563 3771 -
572 3727 692 3782 Lucceius
702 3727 741 3782 di·
786 3743 863 3784 terat.
874 3732 944 3804 Ergo
956 3733 1051 3786 Laelius
1063 3733 1217 3805 Scipionem
1229 3756 1290 3790 cuin

238 3819 308 3868 citur
320 3831 434 3886 sponsus
449 3808 607 3877 Plutarcho,
624 3822 650 3861 et
664 3809 740 3862 Indi·
785 3813 985 3884 Agamemnone
1017 3827 1042 3866 et
1073 3813 1131 3866 aliis
1161 3814 1289 3869 heroibus

240 3893 590 3958 bilisValer.Mex.lV‚1u‚
605 3899 627 3942 14
638 3891 740 3942 Memo-
785 3892 939 3947 Graecorum
953 3908 1108 3967 comparat,
1122 3897 1169 3966 qui
1186 3911 1291 3969 tempo·

238 3978 278 4028 ria
290 3989 378 4027 autem
389 3971 470 4041 hujus
485 3974 524 4024 rei
536 3983 640 4025 serrata
654 3970 740 4023 credi·
785 3993 814 4027 re
830 3974 894 4027 belli
907 3974 1043 4027 amoribus
1060 3975 1250 4028 detinebantur
1263 3990 1290 4029 et

238 4069 281 4106 tur
300 4056 328 4105 in
347 4051 435 4123 clipeo
455 4051 573 4121 quodam
589 4051 693 4114 votivo,
711 4051 740 4100 in
785 4055 897 4122 captivis
907 4073 962 4104 non
973 4053 1153 4108 abstinebant.
1163 4079 1174 4105 a
1184 4059 1288 4123 Macte,

154 4175 166 4200 ,
237 4133 325 4189 Gallia
346 4134 417 4188 circa
436 4131 597 4187 Rhodanum
615 4143 739 4201 reperto,
784 4129 1014 4200 rid.ad1V,475.
