2930 4644
192 331 197 340 ’
259 377 322 462 sss
586 368 974 438 aouuunrsrro

163 546 170 556 ·
256 521 359 582 Etiam
378 513 537 576 Guarinus
556 513 758 586 Veronensis,
777 514 840 572 sire
858 513 1039 574 Franciseus
1058 513 1231 589 barbarus,
1251 512 1330 576 sive

254 611 333 674 alius
346 608 415 690 quis
426 627 464 668 eo
478 619 632 687 tempore,
646 603 680 662 in
693 601 839 682 epistola,
852 624 916 685 qua
931 605 1049 686 Poggio
1063 604 1252 682 Quintiliani
1269 606 1327 665 in·

254 697 432 760 ventionem
452 693 638 776 gratulatur,
661 711 757 772 quam
778 712 880 774 nuper
899 711 936 752 ex
958 689 1145 754 bibliotheca
1166 691 1325 754 Paullina

254 785 403 869 Lipsiensi
424 781 539 866 publici
554 779 634 863 juris
653 777 729 840 fecit
746 781 795 842 Jo.
817 779 943 841 Gottlieb
959 783 1088 856 Kmnse,
1106 780 1244 862 ejusdem
1265 780 1323 840 bi-

254 873 417 940 bliothecoe
441 870 618 955 preelectus,
645 869 680 928 in
705 867 872 930 vernacula
897 868 1052 931 librorum
1075 867 1205 930 historia
1225 871 1259 930 Ρ.
1290 871 1324 946 l,

255 990 285 1050 p.
298 964 403 1046 46(r):
419 964 488 1024 «Tu
499 959 745 1034 Tertullianum,
757 973 791 1019 tu
802 960 846 1020 M.
859 959 991 1022 Fabium
1005 959 1255 1038 Quintilianum,
1281 972 1322 1020 tn

254 1059 292 1138 Q.
306 1054 474 1120 turonium
486 1050 674 1126 Pedianunr,
689 1062 724 1110 tu
740 1051 932 1125 Lucretium,
949 1051 1086 1110 SlLlllM
1100 1050 1321 1126 l'lALlCUM,

253 1145 488 1217 Mareellinam,
500 1155 535 1202 tn
548 1141 714 1202 Manilium
727 1154 958 1216 astronomum,
969 1143 1003 1201 b.
1017 1141 1139 1222 Septim.
1150 1139 1319 1201 Valerium

252 1238 412 1310 Flaccum,
424 1247 460 1295 tu
471 1235 623 1314 Capram,
639 1227 843 1314 Eutychium,
859 1231 1013 1307 Probum,
1026 1232 1262 1312 grammaticos,
1278 1245 1318 1290 trs

160 1363 164 1372 ·
251 1327 427 1409 complures
451 1322 542 1396 alios,
568 1321 884 1384 BARTHOLOMAEO
902 1339 1035 1380 munros
1055 1341 1117 1380 ruo
1137 1339 1317 1395 snmronn,

252 1417 300 1480 val
312 1415 377 1478 fato
390 1413 513 1476 functos
525 1411 588 1472 vita
599 1409 739 1486 donasti,
756 1409 804 1472 vel
816 1410 929 1492 longo,
942 1423 979 1471 ut
991 1412 1097 1486 aiunt,
1115 1409 1316 1493 postliminio

249 1511 284 1570 in
303 1505 428 1570 Latium
446 1500 625 1563 rduxistias
644 1498 730 1560 ldem
744 1499 879 1580 denique
897 1513 1026 1560 tenatur
1041 1501 1107 1582 ipse
1124 1501 1261 1582 Poggius
1279 1499 1319 1558 in

251 1607 329 1659 orat.
342 1593 376 1654 in
388 1589 498 1654 funere
509 1587 627 1650 Nicolai
639 1587 754 1664 Nicoli,
769 1588 887 1666 uQuod
901 1603 1005 1650 autern
1016 1587 1169 1670 egregiam
1181 1585 1318 1646 laudem·

251 1693 400 1754 meretur,
419 1697 575 1740 summam
596 1696 725 1759 operam
747 1696 917 1758 curamque
938 1676 1082 1740 adhibuit
1102 1675 1141 1736 ad
1163 1676 1313 1758 pervesti-

249 1771 370 1854 gandos
390 1779 542 1841 auctores,
561 1765 615 1847 qui
637 1763 728 1847 culpa
746 1778 927 1848 temporum
948 1768 1113 1850 perierant,
1130 1765 1202 1841 Qua
1222 1765 1257 1824 in
1278 1785 1311 1825 re

249 1880 319 1920 vere
336 1875 500 1939 possumus
513 1853 628 1931 dicere,
646 1873 754 1914 omnes
770 1852 866 1915 libros
882 1851 960 1931 iere,
977 1856 1032 1940 qni
1050 1853 1172 1914 noviter
1183 1865 1252 1914 tum
1270 1853 1312 1913 ab

248 1949 315 2012 aliis
327 1945 438 2028 reperti
453 1953 540 2020 sunt,
552 1959 620 2004 tum
632 1965 650 2002 a
663 1964 713 2004 me
727 1943 809 2026 ipso,
823 1944 878 2024 qui
891 1945 1048 2026 integrum
1060 1943 1310 2021 Quintilianum,

249 2036 407 2100 Ciceronis
416 2033 516 2095 nostri
528 2034 700 2109 orationes,
712 2033 849 2094 SlLlUM
861 2035 1069 2109 lThblCllM,
1081 2033 1219 2094 Nonium
1228 2035 1312 2094 Mar

248 2123 376 2199 militur,
393 2121 526 2184 Lucretii
540 2133 675 2202 partem,
690 2121 925 2203 permultosque
940 2137 1088 2206 preterea
1104 2123 1310 2186 eGermsrro-

248 2233 320 2278 rum
338 2210 563 2288 Gallorumque
581 2208 742 2290 ergastulis
761 2231 829 2270 mea
848 2209 1007 2292 diligentia
1026 2210 1071 2270 eri
1095 2211 1140 2286 ui,
1162 2223 1256 2292 atque
1274 2214 1307 2272 in

247 2300 350 2364 lucem
366 2295 476 2371 extuli,
492 2293 611 2357 Nicolai
627 2293 720 2378 hujus
736 2317 843 2373 suasu,
859 2298 1011 2381 impulsu,
1031 2231 1261 2375 cohortatione,
1279 2313 1310 2360 et

248 2410 335 2474 paene
349 2389 515 2453 verborum
526 2385 667 2447 malacia
676 2407 740 2448 esso
751 2387 846 2448 litoris
858 2389 975 2448 Latinis
987 2389 1175 2448 restitutum„
1186 2390 1307 2450 Locum

200 2529 206 2534 .
246 2499 319 2542 vero
335 2492 364 2542 ot
378 2492 517 2560 tempus,
529 2497 594 2558 qno
606 2475 695 2536 Silius
708 2497 744 2538 ex
756 2477 887 2558 squalidi
901 2478 1029 2538 carceris
1041 2473 1172 2538 horrore
1183 2495 1307 2561 ereptus

247 2583 306 2646 est,
326 2581 480 2635 memorat
493 2567 614 2628 Marsus
628 2567 667 2627 ad
682 2565 746 2626 Silii
760 2565 813 2628 lib.
826 2567 914 2643 Vlll,
928 2589 957 2628 v.
981 2569 993 2628 ι’
997 2567 1051 2630 25:
1073 2593 1087 2623 u
1097 2569 1155 2628 llic
1168 2567 1303 2650 plurima

246 2659 312 2722 Silii
320 2661 459 2722 carmina
468 2655 683 2720 desiderantur
693 2656 775 2716 illius
784 2657 915 2734 incuria,
925 2659 980 2741 qui
990 2657 1050 2718 boc
1062 2677 1139 2740 opus
1151 2659 1306 2742 exscripsit

247 2747 330 2830 apud
340 2749 550 2821 Constantiam,
561 2745 671 2808 urbem
682 2744 805 2822 Gallias,
820 2745 874 2806 ubi
886 2745 947 2808 hoc
958 2767 1069 2830 poema
1077 2745 1143 2830 jam
1157 2748 1304 2809 amissum

245 2857 265 2897 a
279 2838 411 2909 Pooaro,
431 2836 500 2896 viro
519 2833 550 2894 id
566 2835 663 2896 atatis
682 2834 908 2910 literatissimo,
925 2849 1081 2918 repertum
1102 2833 1162 2896 fuit
1179 2847 1305 2918 tempora

245 2925 306 2986 diui
326 2923 445 2986 Nicoloi
465 2923 624 2985 Pontificis
644 2923 789 2984 Maximi:
816 2924 903 3006 cuius
923 2923 1087 2986 felicissimi
1107 2923 1301 3008 pontificatus

246 3015 388 3096 auspiciis
407 3014 517 3074 Latina
536 3013 659 3096 lingua,
678 3033 749 3100 quas
762 3015 942 3078 Vandalum
958 3014 1188 3098 Gothicumque
1206 3018 1301 3099 sapie·

245 3103 314 3190 bnt,
328 3101 488 3182 proprium
502 3100 593 3160 decus
608 3121 761 3164 resumere
774 3104 875 3186 coepit.
887 3130 901 3162 a
917 3104 1066 3183 Quamvis
1079 3117 1183 3172 autem
1197 3119 1301 3168 aueto-

246 3201 355 3252 rem.et
370 3188 475 3250 locum
490 3201 570 3250 recte
583 3189 787 3274 designaverit
803 3195 938 3268 Marsus,
952 3195 986 3258 in
1004 3193 1184 3260 definiendo
1196 3209 1301 3258 umen

245 3292 386 3362 tempore
400 3277 522 3341 erravit.
534 3280 642 3358 Quum
656 3283 739 3346 euim
753 3282 849 3345 Lilius
866 3282 1022 3365 Gyraldus
1042 3285 1075 3344 in
1093 3283 1166 3345 dial.
1186 3283 1243 3359 lv,
1263 3283 1301 3346 da

243 3367 365 3428 Poetar.
384 3367 520 3428 Historia
539 3369 667 3446 scribet,
681 3371 745 3433 Silii
763 3371 917 3432 Punicum
936 3369 1054 3434 bellum
1071 3392 1129 3432 seo
1146 3385 1298 3455 tempore,

243 3475 307 3538 quo
320 3451 570 3520 Christianorum
585 3478 748 3540 procerum
759 3471 945 3536 conventus,
957 3459 1045 3542 quod
1054 3457 1216 3522 anesum
1230 3481 1298 3522 nos-

243 3542 299 3617 tri,
314 3541 414 3606 Grani
427 3544 536 3605 aaut
547 3557 676 3619 vocant,
690 3544 724 3604 in
738 3545 907 3608 Germania
920 3544 1100 3623 haberetur,
1117 3549 1149 3608 in
1161 3551 1299 3632 quapiam

243 3633 284 3694 ibi
303 3636 374 3694 nsrri
392 3631 484 3694 fnisse
501 3647 672 3718 repertum,
690 3633 785 3696 literis
804 3637 976 3698 admodum
992 3637 1135 3702 obsoletis
1152 3650 1183 3698 et
1200 3659 1298 3721 perve-

242 3720 345 3796 tustis,
366 3733 396 3782 et
414 3743 486 3782 cum
502 3741 540 3782 eo
558 3741 622 3780 una
641 3721 771 3782 cariosos
789 3723 941 3808 quosdam
963 3723 1096 3786 aliorum
1116 3727 1296 3812 scriptorum

242 3807 375 3883 libros,s
398 3807 608 3868 dubitandum
629 3809 757 3874 minime
776 3826 868 3894 puto,
887 3813 965 3896 quin
986 3813 1131 3879 inventus
1152 3815 1190 3885 sit
1210 3813 1295 3878 Silius

240 3908 378 3979 tempore
398 3895 518 3958 concilii
536 3897 796 3978 Constantiensis,
813 3903 896 3985 qnod
911 3901 1054 3968 habitum
1068 3917 1113 3968 est
1131 3923 1217 3972 anno
1232 3917 1295 3986 psa

241 3984 399 4054 Christum
413 3999 525 4072 uatum
541 4007 705 4056 croccccxv
719 4005 749 4052 et
766 3993 978 4075 sequentibus,
993 3993 1137 4060 iohanne
1152 3995 1251 4056 XXIV
1266 4007 1294 4058 tt

239 4074 374 4133 Martino
386 4073 414 4130 V
429 4073 631 4152 Pontificibus
648 4081 808 4156 Romaim
827 4081 936 4144 eodem
955 4103 1069 4167 neap„
1085 4083 1152 4146 1000
1170 4095 1203 4146 ,ι
1219 4097 1291 4146 m.

271 4184 855 4254 (nuormaasucsmanussnose.
869 4196 941 4270 up..
959 4198 1040 4270 ηις,
1053 4181 1140 4253 asi.
