2956 4670
459 351 772 419 PUNICOHUM
795 350 887 416 LlB.
912 353 997 417 ΧΗ.

209 492 273 561 Sed
285 517 389 582 genus
401 494 553 583 insignis,
561 493 659 584 justis
671 491 815 557 ducebat
826 493 859 556 in
871 494 970 560 armis

209 601 345 666 Fulvius
357 623 363 663 :
376 619 425 667 ast
437 623 531 690 aeque
543 622 604 689 per
614 621 753 687 corpora
766 599 838 662 fusa
847 598 1017 687 jacentum

210 709 353 795 Raptum
364 706 428 770 iter
439 721 504 785 est,
515 705 688 793 victorque
702 724 827 768 moram
840 727 906 768 non
921 726 1035 791 passus
1048 703 1148 770 eundi
1162 729 1168 768 :

209 812 381 901 Exseqniae
395 827 522 876 tantum
535 809 655 874 famam
669 831 860 897 nomenque
873 809 1038 873 volentem

209 916 355 980 Mitificae
367 917 486 980 mentis
499 930 680 980 tenuerunt
692 913 809 978 funere
821 912 906 978 laeto.

210 1025 360 1114 Namque
371 1047 432 1112 per
444 1021 578 1089 insidias
590 1020 779 1105 (infandum
789 1024 813 1104 l)
826 1020 911 1085 etab
924 1020 1054 1109 bospite
1067 1043 1183 1101 caesus,
1209 1038 1253 1102 475

209 1199 322 1248 sollertior
334 1217 413 1249 ense...
426 1199 536 1246 fulvius:
549 1191 585 1246 ost
596 1215 659 1264 uque
667 1214 709 1262 per
720 1213 826 1260 corporo,
836 1209 880 1244 etc.
896 1200 1010 1245 Centenio
1021 1211 1075 1245 octo
1087 1213 1174 1246 tantum
1186 1201 1256 1250 millis

210 1271 306 1318 militum
315 1271 367 1320 dats
381 1287 444 1330 esse,
455 1289 482 1318 er
494 1273 544 1318 Lir.
557 1272 632 1327 xxV,
647 1285 688 1332 19,
699 1269 841 1330 intelligitur.
854 1270 916 1314 idem
929 1268 998 1315 tradit
1008 1268 1063 1316 ibid.
1076 1285 1126 1333 esp.
1144 1287 1185 1327 ur,
1197 1272 1256 1320 duo·
1330 1314 1333 1324 ,

210 1341 318 1404 derigiuti
328 1342 425 1390 millibus
437 1343 557 1390 bominum
568 1341 686 1406 praefuisse
698 1340 817 1394 Fulvium,
832 1353 855 1386 et
870 1356 898 1386 er
911 1341 938 1385 iis
947 1339 996 1386 duo
1005 1338 1073 1386 millia
1084 1339 1146 1390 baud
1160 1342 1257 1406 amplius

211 1413 316 1458 evasisse.
329 1413 385 1458 lude
399 1429 421 1458 r.
435 1411 493 1474 469,
507 1411 583 1474 bisque
598 1427 676 1456 novem
690 1411 800 1470 suspicari
811 1410 893 1471 possis.
904 1407 949 1454 Sed
958 1410 1009 1471 quis
1022 1421 1114 1470 poetam
1127 1411 1214 1472 rediges
1228 1411 1258 1458 ad

211 1491 296 1528 tuum
308 1483 473 1530 subtilitatem?
481 1482 575 1544 -wdpm
589 1484 663 1528 eunus
672 1483 747 1527 Oson.
760 1481 811 1526 Pus.
823 1495 950 1542 omnesque
965 1478 1018 1524 edd.
1031 1492 1084 1525 aute
1094 1480 1160 1526 basil.
1169 1481 1255 1528 Wolfli.

212 1552 239 1597 ld
248 1556 382 1600 concinnius
391 1554 514 1600 videbatur
523 1551 600 1600 earth.
612 1553 669 1598 Ado.
679 1554 708 1608 V,
716 1552 739 1608 6,
750 1551 813 1613 quod
822 1563 885 1598 recte
894 1550 1020 1596 mirabatur
1028 1553 1057 1596 H.
1069 1552 1145 1599 Heius.
1156 1556 1197 1615 qui
1208 1554 1258 1601 vul·

213 1634 287 1682 gssaut
296 1623 349 1668 lect.
361 1622 477 1678 defendit,
489 1622 571 1668 additis
582 1635 659 1668 umen
668 1621 702 1668 bis
713 1620 803 1667 verbis:
818 1623 859 1666 ·si
871 1620 927 1683 quid
935 1621 1070 1667 mutandum
1082 1624 1122 1678 sit,
1134 1623 1258 1672 rescribam

213 1705 299 1736 morum
313 1707 357 1738 non
373 1707 455 1754 possm
471 1693 565 1748 mundi,
579 1706 608 1737 ne
625 1691 721 1756 quidem
733 1703 825 1752 tempus
837 1689 957 1752 triumpho
975 1690 1083 1737 ducendo
1100 1693 1257 1754 inpendens..

214 1762 283 1822 Quod
296 1761 380 1810 nollem
398 1765 517 1811 excidisset
531 1776 594 1811 tauto
610 1766 678 1810 tiro:
699 1779 746 1810 uon
764 1765 826 1808 enisu
837 1763 866 1808 dc
880 1763 1018 1808 ducenum.
1035 1763 1076 1809 sed
1091 1765 1120 1810 de
1133 1766 1259 1814 Hannibale

213 1833 300 1894 agitur,
313 1846 336 1880 et
347 1835 466 1896 quomodo
478 1837 496 1881 is
506 1849 529 1882 et
539 1837 563 1881 iu
574 1835 636 1881 ltalia
646 1836 675 1880 de
685 1834 803 1896 triumpho
815 1836 916 1896 cogitare
928 1836 1035 1896 poterat?
1046 1844 1112 1880 eunte
1120 1837 1179 1882 Veu.
1192 1839 1259 1884 Mar-

213 1906 244 1960 si,
258 1907 322 1968 quod
332 1909 421 1953 monuit
434 1910 461 1953 N.
475 1909 552 1954 Heius.
566 1907 608 1954 sed
619 1909 710 1970 negarit
721 1905 791 1953 Drelt.
803 1933 833 1943 -
843 1907 896 1970 474.
911 1905 1012 1968 Mitificoe
1021 1906 1071 1953 Col.
1085 1919 1107 1954 et
1119 1909 1170 1954 Pus.
1181 1911 1260 1974 Λῆψ-

212 1993 239 2022 ce
248 1979 323 2024 Oxou.
332 1977 409 2042 Vulgo
418 1981 545 2043 Hom'firoe.
555 1981 643 2042 Deusq.
654 1980 716 2039 conj.
727 1979 864 2042 Hononficoe
874 1991 896 2025 et
905 1979 1027 2040 Justficoe,
1037 1995 1089 2042 quse
1098 1979 1205 2026 cadaveri
1211 1982 1261 2043 jus·

212 2056 235 2092 ta
246 2045 313 2103 facit;
325 2049 430 2096 barthius
438 2051 497 2096 Δάν.
506 2053 535 2108 V,
548 2050 575 2105 6;
589 2051 712 2112 Heroyicoe,
722 2052 834 2111 equitatis
846 2050 983 2110 respiciens,
996 2047 1034 2092 vel
1047 2051 1123 2109 potius
1135 2065 1261 2115 numerique

131 2165 136 2178 1
213 2115 323 2164 levantem
338 2121 456 2183 Horrficoe
470 2124 562 2177 monus,
577 2119 662 2182 lamam
675 2118 829 2175 crudelitatis,
840 2135 887 2183 qua
897 2118 1004 2165 omuibus
1014 2133 1169 2175 exosuserat,
1183 2119 1261 2168 levare

213 2191 343 2250 cupientem
357 2191 493 2254 sepeliendis
506 2191 608 2238 bostium
619 2191 730 2246 ducibus,
741 2193 769 2236 H.
783 2193 890 2236 Heinsius
901 2205 1026 2254 novemque
1030 2189 1148 2252 foventem
1161 2193 1261 2254 liliofieoe

214 2263 306 2317 mensis,
322 2262 362 2307 sed
376 2265 425 2326 ipse
442 2261 553 2310 volentem
571 2280 618 2309 nou
631 2276 719 2309 temere
733 2263 870 2309 mutandum
887 2261 1004 2310 censebat.
1016 2286 1048 2298 -
1061 2259 1114 2324 475.
1132 2262 1160 2308 ab
1177 2262 1262 2328 bospite

213 2343 272 2376 coeso
284 2330 332 2376 Col.
347 2345 370 2379 et
381 2334 455 2378 Oxou.
469 2331 497 2378 cib
507 2330 529 2378 lr.
542 2349 605 2379 cesso
615 2333 667 2378 Pus.
679 2335 701 2377 irs
714 2330 736 2377 lt.
749 2347 807 2378 creso
818 2334 845 2377 H.
859 2335 968 2388 t,Perm.
981 2329 1044 2376 Med.
1055 2329 1261 2379 Nihilmutsudum

214 2398 336 2446 videbatur
346 2404 373 2446 H.
386 2405 464 2449 Heius.
478 2415 500 2450 ct
510 2401 581 2448 Drek.
592 2402 630 2447 vel
641 2404 748 2463 cuiquam
758 2401 803 2448 slii.
814 2402 859 2448 Sed
870 2401 939 2448 lectio
948 2401 1037 2462 vulgato
1046 2405 1144 2464 primum
1156 2415 1262 2464 suspects

215 2471 243 2515 sit
256 2482 290 2516 tos
304 2475 418 2536 tantisque
435 2473 622 2528 auctoritatibus3
634 2475 713 2519 deiude
729 2489 742 2518 a
758 2475 826 2534 penio
838 2471 922 2536 linguae
938 2472 976 2519 lst.
992 2472 1065 2518 aliena
1076 2485 1111 2518 est
1122 2486 1145 2519 et
1158 2471 1263 2520 scabram

216 2538 286 2585 efficit
295 2543 437 2596 orationem
448 2546 527 2600 (nam,
539 2541 568 2586 ab
580 2541 664 2605 bospite
678 2557 762 2596 cresus,
772 2556 831 2587 caeco
844 2543 996 2588 circumdatus
1007 2552 1071 2594 astu,
1084 2542 1213 2597 Occiderat,
1227 2544 1263 2588 vix

216 2608 299 2657 dixerit
309 2623 391 2674 poeto,
405 2624 428 2658 et
442 2612 524 2674 copula
535 2621 558 2658 ct
569 2626 630 2658 certe
644 2625 697 2674 post
710 2627 769 2660 coeco
780 2613 917 2672 inserenda)
929 2613 1024 2675 denique
1036 2611 1134 2658 historie
1147 2615 1263 2660 contraris

217 2757 272 2810 dux
280 2758 390 2814 stultitia
400 2773 424 2813 et
432 2763 579 2814 temeritate
587 2759 716 2814 Centenio
762 2765 893 2834 perierat,
904 2763 1041 2832 exsequio,
1052 2779 1118 2831 quas
1129 2759 1262 2817 Hannibal

214 2842 386 2910 pan-470·
397 2841 503 2916 insiqnis
514 2839 613 2910 (sarri)
622 2859 717 2912 penus,
761 2845 819 2913 ipse
834 2839 1001 2904 celebrabat,
1017 2839 1118 2905 volens,
1132 2837 1159 2890 b.
1176 2857 1199 2890 e.
1213 2857 1263 2911 op·

217 2919 337 2973 nobilior
344 2921 527 2973 Centenio.De
537 2935 616 2994 geute
625 2919 718 2972 Fulvia
751 2963 753 2968 .
763 2937 836 2988 tans,
844 2923 970 2992 cupiens,
979 2919 1144 2984 desiderans,
1152 2931 1263 2991 captans

218 3017 243 3049 v.
261 3017 334 3052 meas
350 2999 467 3052 Tabulas
485 2999 595 3052 Geneal.
607 3001 718 3071 -jssslu
762 3001 808 3072 (ut
817 3000 862 3053 Gr.
873 2997 1091 3071 bicor)‚famam
1102 2995 1226 3071 mittfcoe,
1235 2998 1264 3052 b.

218 3097 291 3132 amsa
300 3091 325 3132 et
330 3081 553 3150 justusexeroitus
560 3079 646 3131 Fulvii
654 3098 719 3150 pru·
764 3101 786 3134 e.
799 3083 869 3132 mitis
881 3079 928 3150 (ut
938 3078 1011 3151 apud
1024 3078 1103 3151 Apul.
1117 3077 1149 3131 de
1161 3077 1264 3131 Mundo

220 3163 298 3226 toris,
308 3179 362 3212 uon
373 3161 560 3214 tumultuarius
570 3180 602 3213 ac
612 3163 721 3215 semier-
764 3174 829 3214 extr.
845 3173 871 3212 et
885 3160 1009 3212 Prudent.
1027 3161 1143 3210 Hamart.
1159 3157 1227 3228 963,
1239 3171 1266 3212 et

221 3242 286 3303 mis,
299 3260 385 3312 neque
397 3245 518 3312 precario
529 3243 580 3312 ipsi
590 3239 719 3304 traditus,
763 3239 894 3310 suspicere,
909 3239 999 3312 hymn.
1013 3239 1074 3306 vll,
1091 3238 1139 3305 42,
1152 3241 1199 3290 ubi
1210 3237 1264 3292 vid.

222 3337 251 3374 ut
265 3321 408 3389 Centenio,
419 3325 568 3375 centurioni
581 3322 718 3393 primipili.
765 3323 871 3391 Heius.)
881 3320 987 3383 mentis,
998 3317 1171 3371 humanitatis
1182 3333 1208 3371 et
1217 3321 1266 3372 mi·

222 3401 327 3470 -471,
335 3403 472 3472 jacentum
477 3425 486 3464 ,·
498 3421 522 3454 v.
537 3401 571 3454 ad
583 3405 620 3467 H,
635 3401 695 3471 574.
766 3403 915 3454 secationis.
927 3428 962 3442 -
972 3400 1032 3469 474.
1039 3399 1151 3470 funere,-
1163 3397 1217 3450 vid.
1231 3398 1266 3452 ad

259 3484 319 3551 47²·
331 3483 445 3553 Iluptrsm
459 3485 569 3544 iterest5
581 3482 634 3533 rid.
649 3482 684 3534 sd
696 3485 721 3548 Ι,
766 3483 798 3548 V,
815 3481 871 3534 156.
886 3509 922 3520 --
934 3478 1006 3542 luto,
1027 3497 1081 3530 uon
1098 3477 1179 3529 modo
1193 3478 1266 3550 quod

224 3561 285 3632 570.
297 3591 332 3601 -
344 3580 444 3614 morum
460 3582 514 3616 nors
527 3581 615 3636 passus
629 3563 720 3624 eundi,
766 3559 902 3613 Gracchus
915 3557 998 3610 hostis
1012 3558 1098 3609 fuerat
1109 3569 1136 3610 et
1147 3556 1200 3610 dux
1211 3557 1267 3610 lor·

225 3644 357 3714 inpatiens
369 3660 462 3708 morse,
481 3661 561 3713 quarn
577 3643 667 3694 itineri
680 3643 723 3692 l'a-
768 3645 800 3690 tis
812 3637 929 3710 bellique
943 3637 1058 3708 peritus,
1076 3635 1197 3706 adeoque
1212 3657 1268 3692 me·

226 3721 321 3774 ciendo
335 3721 513 3794 inpendebatt
527 3723 617 3772 Heius.
768 3717 898 3782 tuendus,
911 3715 958 3768 sed
973 3715 1045 3786 quod
1058 3730 1175 3769 armatus
1190 3737 1267 3770 exer-

262 3799 723 3869 473.commentariiinsorestniv.
769 3800 836 3852 citus
861 3799 931 3850 circu
952 3813 1045 3868 rogum
1069 3798 1125 3866 ejus
1151 3802 1268 3851 cucurrit

227 3879 309 3944 ΧΠ,
325 3879 369 3944 16,
388 3896 426 3948 17.
440 3881 518 3932 Conl-
532 3891 557 3932 et
567 3897 626 3950 sup.
640 3877 725 3944 cdx,
770 3896 829 3929 cum
846 3874 970 3948 tripudiis
989 3875 1167 3947 Hispanorum
1190 3879 1268 3930 moti·

228 3957 282 4026 ‚5⁵9
291 3975 329 4026 sq.
344 3960 431 4012 Citurn
440 3957 596 4012 Hannibalis
609 3959 659 4008 iser
669 3975 726 4008 mo·
770 3955 872 4028 busque
899 3974 1036 4008 armorum
1063 3970 1089 4008 et
1116 3974 1266 4025 corporum.

230 4035 357 4094 rebantur
378 4040 419 4091 Ti.
440 4039 589 4110 Sempronii
610 4036 726 4088 Gracchi
770 4035 837 4088 Vide
849 4037 966 4102 livium,
982 4035 1033 4086 loc.
1048 4037 1092 4088 cit.
1106 4033 1209 4102 -475.
1226 4035 1268 4086 Cf.

227 4115 352 4182 Preces,
368 4119 415 4188 qui
428 4117 534 4189 hospitis
548 4117 649 4172 Lucani
662 4113 725 4168 dolo
769 4117 832 4166 Ver.
845 4114 992 4167 Lectiones.
