2960 4644
444 301 755 370 0000000000
778 299 871 364 ms.
894 299 993 366 xvr.
1176 305 1237 393 337

256 477 269 507 ι
281 448 377 534 Illum
391 469 466 536 ego,
481 467 580 536 quern
591 458 720 510 vosmet
731 442 818 506 cauti
830 441 1044 532 consultaque
1055 459 1163 510 vestra

209 553 249 616 ln
263 553 355 618 Latio
368 551 476 618 fecere
488 573 616 642 aenam,
628 549 685 612 cai.
694 548 790 612 tertia
801 545 889 632 large

211 658 377 724 Fundenti
388 675 537 724 noemam
548 657 716 722 ducuntur
725 654 828 720 lustra
836 673 1004 732 cruorem,

214 763 311 827 Illum
323 787 384 853 ego
396 763 437 829 ad
450 765 598 829 incensas
612 759 832 850 trepidantem
845 775 880 826 et
890 772 962 825 sera
973 778 1148 850 paventem
1203 780 1248 840 690

212 871 365 934 Avertam
377 869 489 958 patriae
502 864 595 934 sedes
608 893 615 934 :
629 891 671 932 an
681 867 787 932 Rome
797 862 925 936 ridebit

214 978 338 1066 Turpia
350 981 529 1066 Agenoreae
541 976 643 1041 muris
654 975 790 1064 vestigia
803 973 945 1039 dextraet

215 1080 376 1172 Carthago
387 1083 532 1148 inmunis
545 1099 674 1148 nostros
687 1103 801 1146 secura
813 1079 943 1146 labores

215 1185 336 1254 Audiet
347 1189 486 1268 interea,
500 1205 534 1254 et
545 1189 648 1276 portis
659 1186 796 1252 bellabit
806 1187 948 1274 apertis?
1107 1275 1109 1282 Ι

216 1294 302 1359 Tum
314 1317 394 1359 vero
406 1294 518 1385 pulset
529 1308 656 1358 nostras
668 1295 787 1358 iterum
801 1291 961 1382 inprobus
973 1289 1077 1376 hostis
1210 1307 1258 1368 695

217 1399 326 1466 Ariete
339 1399 474 1466 Sidonio
486 1416 610 1479 turres,
624 1399 650 1462 si
664 1398 785 1486 templa
797 1420 933 1464 suorum

219 1505 294 1570 Non
305 1521 381 1570 ante
391 1504 535 1570 audierit
546 1503 676 1570 Rutulis
688 1504 880 1591 crepitantia
891 1501 1041 1567 flammis.
1050 1532 1067 1560 a

252 1681 305 1744 690.
321 1699 385 1739 sem,
404 1698 451 1730 non
461 1699 535 1740 aoeva,
554 1683 627 1730 0000.
641 1695 665 1730 et
676 1677 774 1730 *Putem
786 1684 831 1730 Sed
845 1683 984 1745 prestiteris,
1000 1681 1097 1744 opinor,
1114 1700 1165 1730 sera
1177 1702 1263 1732 cnven-

223 1760 279 1809 tem,
295 1751 340 1800 hoc
357 1767 391 1800 est
406 1770 460 1800 sero
475 1765 607 1811 caventem,
626 1753 760 1816 propulsare
779 1767 899 1800 conantem
917 1753 1048 1798 incendium
1065 1753 1219 1818 Carthagini„
1237 1770 1264 1805 nt
1294 1796 1296 1800 .

221 1837 273 1868 tero
285 1833 408 1870 comantem
421 1840 459 1886 ap.
473 1825 537 1884 Virp.
552 1827 595 1888 Ge.
610 1825 650 1878 lv,
668 1838 722 1880 saa,
740 1836 763 1869 et
774 1823 854 1870 similia
864 1823 948 1883 passim
960 1820 1141 1884 obvia-691.
1154 1827 1264 1872 Avertam

222 1893 248 1938 n.
267 1908 292 1948 r,
305 1892 369 1940 Med.
385 1905 408 1938 et
419 1894 484 1940 Basil.
493 1893 579 1940 wetti.
593 1893 675 1956 probb.
689 1895 717 1938 N.
730 1893 807 1940 lleins.
820 1891 921 1938 Drakon.
934 1891 1014 1937 Lelels.
1027 1904 1050 1939 et
1062 1895 1115 1940 Em.
1126 1895 1201 1959 Vulgo
1213 1897 1263 1944 Ad-

222 1970 321 2017 vertnm,
330 1961 394 2024 qaod
403 1977 457 2009 enm
466 1962 536 2008 Dral.
548 1964 642 2009 retinnit
650 1963 741 2009 Ernesti
752 1975 870 2026 tamqnam
880 1977 928 2007 non
937 1961 1074 2019 absurdum,
1085 1967 1194 2025 qnoniam
1203 1969 1265 2012 llan-

221 2031 707 2096 06601,οι600000000069001000οά00,
719 2033 764 2080 hoe
776 2037 826 2096 lpao
839 2050 866 2080 ex
879 2033 941 2080 ltalia
955 2048 1048 2080 aversus
1060 2036 1095 2082 sit.
1107 2061 1138 2072 ···
1148 2037 1202 2098 694.
1217 2041 1265 2084 Aa·

220 2105 272 2150 dect
282 2106 353 2152 Mars.
365 2117 387 2152 et
397 2105 460 2152 hard.
472 2107 558 2152 Antan
565 2108 593 2151 ll.
606 2122 633 2161 s,
643 2108 706 2169 quod
716 2108 804 2170 recepit
812 2105 894 2152 Leleh.
902 2107 944 2168 qui
954 2119 1077 2168 propterea
1087 2110 1154 2154 etiam
1165 2109 1266 2166 bellorit,

221 2187 336 2239 nmquam
350 2175 488 2239 elegantius,
506 2179 602 2240 scriptia
618 2177 663 2224 Sed
676 2190 793 2240 praecreat
803 2176 897 2235 videbit,
910 2177 947 2224 cni
960 2179 1036 2232 aedat
1048 2193 1071 2224 et
1083 2178 1173 2226 bellabit
1186 2182 1264 2246 obpo-

221 2259 314 2296 nuntnr.

222 2397 293 2450 nobie
304 2417 428 2470 superesse
439 2419 527 2464 arma,
536 2399 564 2451 h.
576 2419 599 2451 e.
611 2399 721 2463 milites,
765 2399 817 2453 556
830 2419 885 2471 seq.
895 2429 929 2439 --
938 2400 1053 2451 inmunis
1070 2412 1098 2451 et
1115 2419 1215 2462 tecum
1227 2403 1262 2454 cf.

219 2479 249 2529 in
270 2479 387 2529 Africam
412 2479 602 2547 trajiciendos,
626 2493 723 2550 preter
766 2481 838 2551 Virp.
849 2481 907 2531 AEn.
918 2477 980 2545 llll,
994 2477 1053 2549 559.
1067 2480 1173 2549 -694,
1184 2484 1266 2552 portis

219 2573 284 2622 eos,
297 2558 343 2626 qai
352 2557 495 2608 llannibali
505 2559 534 2608 in
544 2557 622 2608 ltalia
633 2576 661 2610 se
674 2557 724 2608 ob·
768 2558 874 2610 bellabit
889 2558 995 2627 apertis,
1013 2557 1084 2609 bella
1098 2551 1172 2629 geret
1181 2573 1267 2612 exter·

220 2635 325 2706 jiciant.
337 2634 436 2687 -666
451 2652 507 2706 aeq.
522 2635 609 2706 fecere
624 2654 724 2700 unem,
768 2655 817 2700 na,
830 2653 878 2688 nec
888 2653 1005 2705 unquam
1017 2652 1079 2686 auat
1089 2637 1267 2706 portaavide-

222 2712 383 2766 invidiosius
397 2725 424 2765 et
439 2714 545 2785 gravius
564 2731 658 2784 90000,
676 2730 724 2764 vos
768 2716 808 2768 bit
826 2715 931 2767 clausas
947 2727 974 2766 et
987 2713 1171 2786 obpugnata,
1188 2719 1265 2772 Lem.

225 2815 275 2866 per
287 2795 486 2846 cunctationem
498 2806 612 2845 vestram
626 2811 674 2865 per
686 2806 726 2846 tos
768 2825 803 2834 —
817 2798 900 2846 Portae
913 2796 983 2845 enirn
997 2795 1167 2866 aperiuntur,
1185 2815 1267 2868 quum

224 2892 311 2928 annos
324 2871 723 2936 detinuistis;Ern.Sarcaamua
768 2873 852 2925 hostis
877 2873 971 2944 procul
995 2872 1083 2934 abes13
1105 2875 1267 2931 clauduntur

225 2955 360 3028 praecipue
373 2951 406 3004 ad
418 2951 528 3005 Fabium
542 2965 724 3005 cunctatorem
768 2973 832 3006 vero
840 2953 960 3025 periculo
971 2954 1137 3006 imminente:
1148 2957 1269 3010 similiter

226 3049 338 3108 spectat.
361 3062 394 3072 —
416 3034 490 3086 tertia
514 3033 607 3097 tustra,
632 3034 724 3085 confec
768 3032 883 3106 Regulus
896 3033 1036 3106 indignans
1048 3035 1191 3090 exclamat:
1208 3041 1268 3091 svi-

224 3115 344 3168 0010000.
364 3111 430 3179 050,
449 3125 476 3165 et
493 3112 529 3166 ad
544 3113 660 3179 Livium,
677 3111 724 3164 lib.
766 3111 797 3164 di
799 3150 919 3166 .........
936 3125 1028 3186 portae
1040 3133 1095 3167 non
1110 3115 1226 3186 clausas,
1241 3134 1267 3172 et

225 3195 352 3260 xxvia,
373 3211 432 3264 cap.
457 3193 500 3258 dr.
519 3221 554 3231 -
571 3191 633 3263 690.
656 3209 725 3258 sera,
769 3211 831 3246 arra
841 3195 927 3246 Marte
936 3193 986 3246 ooli
995 3194 1124 3266 populata
1134 3211 1264 3264 nostr03·

228 3293 296 3327 sero.
304 3273 512 3325 Consternatum
524 3289 584 3324 sero
597 3270 725 3335 adventu,
770 3272 843 3344 apud
855 3275 945 3324 llorat.
956 3271 1009 3324 nd.
1022 3275 1069 3338 ΙΙΙ,
1081 3289 1107 3341 v,
1121 3274 1163 3328 23.
1176 3277 1224 3329 En.

229 3373 310 3426 qnam
330 3352 427 3414 viderit
446 3349 633 3422 Carthaginem
649 3369 666 3402 a
684 3369 726 3402 me
804 3354 855 3423 695
866 3372 906 3426 sq.
917 3353 1018 3426 pulset,
1030 3357 1102 3406 canl.
1116 3361 1269 3428 snpraXll,

229 3443 442 3506 preoccupatae}
451 3443 478 3482 et
488 3429 725 3501 obpressamErn.
772 3433 831 3488 585.
848 3461 884 3474 -
895 3433 984 3505 Scipio
997 3436 1130 3500 refutans,
1144 3452 1202 3507 qua
1216 3439 1268 3490 Fa-

228 3514 271 3566 Ct.
284 3514 345 3562 Var.
359 3510 431 3572 Latet.
442 3541 478 3550 -
491 3509 551 3580 691.
563 3509 685 3560 Avertam
696 3528 727 3562 ex
771 3512 845 3580 bias,
857 3531 882 3563 v.
895 3513 948 3581 639
958 3531 1013 3585 seq.
1025 3515 1172 3584 objecera13
1188 3519 1269 3570 immo

231 3591 306 3644 ltalia
318 3591 353 3642 ad
361 3593 491 3661 patriam,
507 3604 535 3641 nt
552 3609 594 3661 sp.
607 3591 725 3643 Frontis.
771 3610 848 3656 vero,
861 3595 960 3662 inquit,
976 3605 1032 3644 tam
1045 3592 1151 3645 demum
1169 3595 1270 3653 Hanni-

227 3669 309 3721 Strnt.
325 3670 351 3733 1,
363 3669 438 3736 501,
455 3671 485 3722 06
497 3681 523 3722 et
537 3687 568 3740 ²7
580 3691 586 3719 :
605 3689 727 3732 evocarer
771 3671 817 3722 hal
827 3671 966 3724 consilium
976 3674 1064 3744 capiet
1073 3674 1184 3725 llonsarn
1195 3677 1269 3731 inve·

230 3747 310 3801 Drah.
323 3747 364 3800 cf.
377 3767 435 3819 sup.
449 3747 484 3800 ad
496 3767 520 3800 v.
535 3749 585 3818 637
601 3767 656 3822 seq.
772 3749 866 3816 dendi,
889 3769 970 3822 quum
988 3764 1071 3804 tutam
1092 3752 1126 3805 ab
1147 3753 1268 3811 hostibus

268 3827 329 3896 690.
342 3827 382 3879 ct.
395 3844 476 3899 supra
487 3825 533 3879 lib.
546 3827 608 3894 ΧΠ,
625 3847 648 3880 c.
666 3826 726 3881 565.
772 3829 960 3904 Carthaginem
971 3834 1049 3896 scien
1061 3837 1124 3888 Ern.
1134 3837 1268 3890 -r'ternm

232 3935 268 3946 -
278 3905 429 3976 Apenoreoe,
448 3906 588 3956 Poenorum
605 3905 674 3976 (vid.
693 3905 728 3958 ad
770 3911 871 3982 pulset,
882 3911 1017 3985 obpugnet
1029 3933 1077 3984 per
1086 3933 1128 3967 me
1140 3915 1202 3967 licet
1215 3919 1268 3966 Ro-

230 3987 258 4049 l,
276 3983 337 4053 15),
353 3981 380 4034 h.
395 4002 418 4034 e.
433 3983 602 4050 Hannibalis,
617 3989 663 4056 qui
676 3987 729 4038 llo·
773 3993 888 4056 mam,si
901 4009 953 4043 non
966 4003 1026 4044 ante
1036 3995 1149 4046 audierit
1156 3991 1266 4063 templa,

230 4083 302 4118 mam
311 4060 423 4116 obsedit.
434 4061 511 4114 cont.
523 4065 582 4131 ΧΠ,
597 4064 729 4136 5381eq.,
774 4081 824 4122 etc.
835 4067 862 4122 h.
875 4081 928 4137 est,
942 4082 1002 4124 ante
1010 4089 1091 4142 qnam
1102 4071 1212 4122 Romam
1223 4071 1268 4120 ite·

300 4171 325 4207 2.
652 4226 659 4240 x
1058 4173 1089 4208 22
