2956 4670
218 361 260 437 54
534 357 570 418 c.
594 353 720 421 sinn
744 353 937 418 tratres

216 495 367 586 Quaeque
379 516 512 583 gravem
523 493 566 560 ad
578 491 749 573 Trebiam,
763 517 903 584 quaeque
915 493 957 559 ad
968 493 1084 558 Ticina
1094 491 1221 558 fluenta

217 601 397 689 Obpetiere
409 623 540 696 necem,
554 601 672 666 Paulus
685 601 919 691 Gracchusque
931 601 1075 681 cruenti,

219 706 466 794 Flaminiusque
479 707 592 786 simul,
605 707 732 772 miseris
743 723 819 772 ante
832 731 889 773 ora
901 721 1070 796 vagantur.
1214 713 1259 760 ⁵⁵⁰

218 811 342 877 Clausit
351 795 449 878 ¹turba
461 814 538 879 vias.
551 814 620 880 Stat
631 815 737 880 celsus
750 832 783 879 et
793 835 889 901 asper
900 813 941 878 ab
953 813 1015 889 ira,

219 919 459 1010 lugentemque
471 937 597 986 metum
609 937 703 986 torro
716 919 829 986 domat
840 942 898 985 ore
909 919 1058 985 Senatus.

219 1021 392 1089 Interdum
404 1043 514 1092 tamen
527 1043 707 1116 erumpunt
718 1025 779 1090 sub
791 1025 916 1090 casside
929 1025 1010 1089 fusae

219 1131 281 1193 Per
292 1131 429 1196 tacitum
440 1132 595 1214 lacrimae3
610 1130 768 1222 quidnam
781 1135 924 1196 Fortuna
936 1130 1093 1207 minetur,

220 1234 351 1320 Quidve
363 1255 482 1327 parent
492 1239 628 1326 Superi?
639 1235 746 1303 Pubes
759 1235 906 1325 dispersa
917 1258 978 1326 per
988 1236 1069 1300 altas
1216 1242 1259 1289 ⁵⁵⁵

219 1339 288 1408 Stat
299 1359 421 1423 turres,
434 1359 534 1434 atque
547 1343 612 1408 huc
624 1359 758 1408 ventum
772 1343 834 1409 sub
846 1339 947 1407 corde
958 1339 1098 1420 volutat,
1161 1423 1173 1442 ·

221 1451 267 1517 Ut
274 1452 343 1543 jam
356 1455 460 1519 Roma
472 1455 548 1518 satis
560 1451 687 1532 credat,
700 1449 883 1519 defendere
896 1471 1018 1518 muros.

265 1561 386 1625 Poenus
398 1576 436 1623 ut
445 1558 488 1625 ad
500 1583 633 1626 somnos
645 1559 699 1624 vix
710 1575 812 1625 totam
824 1557 974 1626 cursibus
986 1569 1066 1622 actae

222 1661 365 1729 Indulsit
375 1665 458 1752 pubi
469 1685 615 1747 noctem,
627 1667 705 1755 vigil
717 1669 803 1754 ipse,
817 1687 879 1731 nec
891 1647 992 1729 ullam

223 1767 274 1834 Ad
286 1770 435 1858 requiem
450 1769 566 1850 facilis,
579 1770 785 1860 credensque
796 1767 975 1835 abscedere
987 1769 1077 1844 virae,
1219 1773 1263 1820 ⁵⁶0

221 1873 321 1956 Quod
333 1897 434 1962 sopor
447 1863 578 1965 eripiat,
590 1893 736 1963 tempus;
750 1860 952 1940 radiantibus
963 1871 1062 1936 armis

225 1977 392 2058 luduitur,
405 1979 660 2070 Nomadumque
668 1980 766 2070 jubet
776 2000 993 2069 prorumpere
1005 1993 1138 2041 turmas.

226 2084 324 2166 Inde,
336 2086 417 2152 levis
431 2086 547 2164 frenis,
560 2087 683 2152 circum
697 2086 873 2174 pavitantia
885 2085 991 2150 fertur

226 2261 266 2308 llic
280 2277 360 2307 versus
371 2263 474 2324 proxime
486 2267 591 2325 sequenti
603 2279 725 2328 perperam
737 2237 883 2380 postponitur
894 2263 916 2308 in
926 2277 946 2307 c.
958 2261 1007 2309 Col.
1018 2286 1048 2298 -
1059 2260 1111 2306 556.
1120 2269 1189 2326 atquc
1201 2273 1268 2303 everi·

228 2343 273 2378 tum
283 2333 325 2379 sub
334 2349 354 2380 c.
367 2351 388 2378 v.
399 2333 486 2400 Etjam
495 2335 522 2381 R.
533 2351 552 2381 a.
563 2336 633 2382 credit
644 2337 666 2381 d.
678 2353 707 2382 m.
721 2351 788 2384 emen
807 2371 811 2382 .
823 2335 909 2396 Dauaq.
920 2335 966 2381 Sed
975 2329 1030 2381 nibil
1038 2335 1109 2395 magia
1119 2332 1267 2395 perspicuum

227 2419 277 2450 esse
289 2402 324 2450 bia
334 2405 452 2460 versibus,
462 2405 511 2465 jam
521 2421 634 2453 monuere
646 2405 706 2454 Bart.
720 2420 745 2454 et
754 2409 783 2452 tt.
800 2407 879 2453 licina.
889 2430 921 2444 -
931 2407 983 2467 559.
998 2408 1057 2470 ipse,
1071 2419 1119 2451 non
1130 2401 1180 2457 ille,
1190 2401 1267 2462 scripti

227 2487 250 2520 et
261 2476 287 2518 ll.
302 2490 323 2519 a.
335 2499 366 2509 —
378 2473 429 2520 563.
444 2473 567 2538 lavrbfieni
577 2477 715 2539 opinabatur
726 2480 755 2526 tt.
770 2479 849 2527 lleina,

227 2617 425 2669 occubuerunt:
436 2618 560 2671 talianim
568 2619 662 2673 babitu
669 2639 726 2674 um·
771 2635 828 2676 rent
836 2625 943 2696 Superi,
954 2636 984 2674 ut
994 2621 1018 2688 l,
1033 2617 1090 2672 ¹36.
1103 2645 1138 2656 -
1150 2614 1210 2669 656.
1222 2613 1268 2666 sub

227 2698 282 2750 brae
296 2696 331 2751 ad
347 2699 446 2752 inferos
459 2697 621 2765 descendere
632 2701 726 2756 crede·
769 2705 843 2757 corde
857 2702 971 2764 volutat,
986 2703 1075 2756 secum
1091 2699 1203 2769 cogitat,
1217 2695 1269 2747 lanc

225 2777 338 2848 bantur,
350 2779 424 2851 quali
435 2793 510 2833 erant
523 2793 642 2852 tempore
654 2799 727 2834 mor·
770 2801 956 2852 venturaene,
969 2801 1067 2838 remeo
1076 2785 1131 2851 jam
1143 2777 1269 2838 redimes

228 2861 277 2923 tias
294 2859 429 2913 Drakenb.
446 2861 487 2914 Cf.
499 2861 609 2914 Advers.
624 2863 725 2915 Heinsii
771 2867 890 2918 utlloma
901 2865 961 2918 satis
973 2863 1073 2925 credat,
1084 2859 1147 2910 satia
1159 2855 1268 2916 lrabeat,

227 2943 254 2992 in
273 2939 475 2992 Broukbuaiana
491 2939 608 2994 editione
624 2941 723 2994 Tibull.
770 2954 895 2996 contenta
907 2944 978 2994 altat
992 2955 1049 2992 ease
1059 2937 1169 2998 debeat,
1179 2930 1268 2998 defert·

225 3038 287 3091 paq.
301 3017 503 3085 461‚etGerde
517 3018 723 3090 adVirgil.AEn·.
767 3021 933 3072 daromam.
1262 3083 1267 3092 Ι

225 3097 263 3162 ll,
275 3113 355 3164 272...
369 3109 429 3162 279·
804 3098 863 3151 5⁵8.
878 3097 920 3149 ct.
933 3098 988 3148 Liv.
1001 3093 1101 3156 XXVI,
1115 3085 1267 3158 roa-puis

262 3173 322 3244 549.
337 3171 477 3240 Gracchus,
489 3171 523 3225 de
538 3191 592 3244 qao
603 3193 628 3226 v.
642 3193 724 3247 supra
769 3177 965 3238 eurdbusactoe,
979 3171 1108 3224 militibus
1118 3169 1214 3240 raptim
1224 3185 1266 3220 ac·

225 3273 251 3306 r.
262 3251 314 3325 475
324 3267 364 3322 aq.
373 3280 407 3326 '.
416 3249 462 3305 551
478 3267 518 3323 sq.
529 3249 599 3319 Stat,
612 3255 725 3323 inraso,
769 3256 802 3306 tia
817 3267 843 3307 et
855 3254 949 3306 itinera
961 3253 1047 3305 fessis.
1057 3279 1094 3291 -
1104 3249 1157 3302 560
1166 3265 1205 3321 sq.
1217 3265 1267 3299 cre·

226 3334 273 3388 ubi
286 3331 484 3402 magistratibus
494 3346 592 3404 presto
602 3333 723 3405 est(Liv.
769 3335 830 3386 dens
852 3331 1017 3386 abscedere...
1043 3343 1156 3403 temptas,
1183 3329 1265 3383 rerba

224 3412 243 3466 l.
255 3431 278 3465 c.
286 3413 311 3483 )‚
320 3413 348 3463 in
357 3412 405 3464 viis
416 3413 479 3465 etin
488 3412 566 3464 turba
575 3412 722 3465 bominum.
768 3430 863 3466 somno
873 3409 969 3464 deditis
979 3407 1106 3464 notanda.
1116 3441 1151 3451 -
1162 3411 1211 3465 562
1224 3427 1264 3480 aq.

225 3519 260 3532 -
272 3490 488 3559 robertianum,
502 3505 533 3544 ut
546 3509 604 3563 sup.
618 3510 643 3543 v.
656 3493 723 3558 313,
771 3491 857 3544 eCaam
881 3489 986 3543 duobus
1006 3489 1123 3544 millibus
1147 3491 1264 3563 equitum

225 3576 276 3626 nisi
289 3575 379 3640 maiia,
389 3575 416 3627 in
426 3576 517 3628 muris.
526 3576 624 3647 Magno
634 3576 723 3627 animo
769 3585 872 3646 sporta
882 3571 987 3624 Collina
999 3590 1083 3645 usque
1098 3571 1132 3626 od
1144 3571 1265 3624 Herculis

226 3651 725 3726 eatintantiapericuliaacell.-orper
767 3651 895 3723 templum
920 3663 960 3703 eat
976 3667 1146 3726 progressos,
1170 3663 1267 3722 atque,

112 3746 114 3750 ·
225 3732 257 3783 ab
267 3731 319 3793 ἱνα,-
329 3735 364 3785 ci.
375 3735 449 3798 XVI,
460 3733 526 3799 521,
536 3733 653 3800 stadii,
665 3735 722 3805 ¹39·
767 3731 839 3784 unde
853 3733 971 3805 proxime
984 3746 1090 3805 poterat
1099 3769 1108 3798 ‚
1118 3731 1217 3785 menia
1233 3729 1267 3780 si·

225 3839 259 3850 -
269 3812 370 3876 domat,
384 3812 540 3865 dissimulat.
768 3828 878 3884 tumque
890 3812 963 3866 urbia
975 3814 1134 3886 obequitans
1149 3825 1268 3866 contam-

262 3889 320 3959 554.
335 3892 386 3941 Per
398 3891 525 3953 tacitam,-
543 3890 597 3944 vid.
615 3892 650 3945 ad
664 3893 723 3960 vn,
767 3893 927 3967 piabatur‚·
938 3895 994 3946 Liv.
1009 3893 1026 3946 l.
1040 3913 1063 3946 c.

226 3971 285 4040 527.
295 3969 461 4040 -quidrtam
475 3971 589 4024 Fortuna
601 3973 722 4038 minetur,
805 3974 864 4028 563.
877 3973 939 4026 levis
945 3973 1043 4044 frenis,
1055 3991 1113 4043 quae
1123 3969 1266 4024 celeritatis

226 4071 261 4103 su.
276 4052 361 4101 tristes
374 4061 401 4101 et
413 4051 484 4100 anxii
497 4049 666 4122 expendunt,
681 4063 722 4106 ta·
765 4053 879 4106 velartis
888 4049 1265 4124 lauanuncaliena3etarquta

226 4133 275 4183 cite
293 4141 423 4201 quaerunt.
435 4159 470 4170 -
483 4129 543 4184 555.
563 4131 662 4202 Quidve
674 4151 723 4205 pa·
766 4132 889 4190 doctrina
902 4149 955 4204 eet,
974 4151 1028 4207 qua
1040 4132 1105 4186 dicit
1119 4133 1271 4206 quadrupes
