<?xml version="1.0" encoding="UTF-8"?>
<!DOCTYPE html PUBLIC "-//W3C//DTD XHTML 1.0 Transitional//EN"
    "http://www.w3.org/TR/xhtml1/DTD/xhtml1-transitional.dtd">
<html xmlns="http://www.w3.org/1999/xhtml" xml:lang="en" lang="en">
 <head>
  <title>
</title>
<meta http-equiv="Content-Type" content="text/html;charset=utf-8" />
  <meta name='ocr-system' content='tesseract 3.04.00' />
  <meta name='ocr-capabilities' content='ocr_page ocr_carea ocr_par ocr_line ocrx_word'/>
</head>
<body>
  <div class='ocr_page' id='page_1' title='image "./punicorumlibris00italgoog/punicorumlibris00italgoog_0437.png"; bbox 0 0 2930 4644; ppageno 0'>
   <div class='ocr_carea' id='block_1_1' title="bbox 280 337 987 430">
    <p class='ocr_par' dir='ltr' id='par_1_1' title="bbox 280 337 987 430">
     <span class='ocr_line' id='line_1_1' title="bbox 280 337 987 430; baseline -0.011 -18"><span class='ocrx_word' id='word_1_1' title='bbox 280 349 343 430; x_wconf 71' lang='lat'><strong>432</strong></span> <span class='ocrx_word' id='word_1_2' title='bbox 608 337 987 405; x_wconf 71' lang='lat' dir='ltr'><strong>oouuaurrrro</strong></span> 
     </span>
    </p>
   </div>
   <div class='ocr_carea' id='block_1_2' title="bbox 276 477 1335 2154">
    <p class='ocr_par' dir='ltr' id='par_1_2' title="bbox 276 477 1335 2154">
     <span class='ocr_line' id='line_1_2' title="bbox 277 477 1335 559; baseline -0.012 -8"><span class='ocrx_word' id='word_1_3' title='bbox 277 505 381 551; x_wconf 89' lang='lat' dir='ltr'><strong>rerum</strong></span> <span class='ocrx_word' id='word_1_4' title='bbox 397 479 607 542; x_wconf 82' lang='lat' dir='ltr'>narrationem</span> <span class='ocrx_word' id='word_1_5' title='bbox 628 479 759 552; x_wconf 86' lang='lat' dir='ltr'><strong>intersit,</strong></span> <span class='ocrx_word' id='word_1_6' title='bbox 780 477 895 559; x_wconf 91' lang='lat' dir='ltr'><strong>quique</strong></span> <span class='ocrx_word' id='word_1_7' title='bbox 914 478 1075 558; x_wconf 83' lang='lat' dir='ltr'><strong>utriusque</strong></span> <span class='ocrx_word' id='word_1_8' title='bbox 1092 495 1165 540; x_wconf 90' lang='lat' dir='ltr'><strong>sunt</strong></span> <span class='ocrx_word' id='word_1_9' title='bbox 1184 479 1335 554; x_wconf 82' lang='lat' dir='ltr'><strong>termini,</strong></span> 
     </span>
     <span class='ocr_line' id='line_1_3' title="bbox 277 567 1332 650; baseline -0.01 -10"><span class='ocrx_word' id='word_1_10' title='bbox 277 578 393 641; x_wconf 90' lang='lat' dir='ltr'><strong>colores</strong></span> <span class='ocrx_word' id='word_1_11' title='bbox 403 593 439 632; x_wconf 87' lang='lat' dir='ltr'><strong>ac</strong></span> <span class='ocrx_word' id='word_1_12' title='bbox 451 569 545 630; x_wconf 91' lang='lat' dir='ltr'><strong>modi.</strong></span> <span class='ocrx_word' id='word_1_13' title='bbox 558 567 650 646; x_wconf 85' lang='lat' dir='ltr'><strong>Quod</strong></span> <span class='ocrx_word' id='word_1_14' title='bbox 663 569 686 628; x_wconf 91' lang='lat' dir='ltr'><strong>si</strong></span> <span class='ocrx_word' id='word_1_15' title='bbox 699 589 771 628; x_wconf 88' lang='lat' dir='ltr'><strong>vero</strong></span> <span class='ocrx_word' id='word_1_16' title='bbox 786 567 962 642; x_wconf 71' lang='lat' dir='ltr'><strong>Muonem,</strong></span> <span class='ocrx_word' id='word_1_17' title='bbox 974 569 1094 650; x_wconf 88' lang='lat' dir='ltr'><strong>quoties</strong></span> <span class='ocrx_word' id='word_1_18' title='bbox 1107 567 1332 643; x_wconf 81' lang='lat' dir='ltr'><strong>adumbratur,</strong></span> 
     </span>
     <span class='ocr_line' id='line_1_4' title="bbox 276 655 1331 740; baseline -0.012 -11"><span class='ocrx_word' id='word_1_19' title='bbox 276 661 464 729; x_wconf 73' lang='lat' dir='ltr'><strong>contulerint</strong></span> <span class='ocrx_word' id='word_1_20' title='bbox 480 679 552 721; x_wconf 89' lang='lat' dir='ltr'><strong>cum</strong></span> <span class='ocrx_word' id='word_1_21' title='bbox 572 670 678 718; x_wconf 85' lang='lat' dir='ltr'><strong>nostro</strong></span> <span class='ocrx_word' id='word_1_22' title='bbox 697 671 802 739; x_wconf 84' lang='lat' dir='ltr'><strong>poeta,</strong></span> <span class='ocrx_word' id='word_1_23' title='bbox 821 655 937 717; x_wconf 83' lang='lat' dir='ltr'>discent</span> <span class='ocrx_word' id='word_1_24' title='bbox 954 658 1128 719; x_wconf 80' lang='lat' dir='ltr'><strong>naturalem</strong></span> <span class='ocrx_word' id='word_1_25' title='bbox 1146 657 1331 740; x_wconf 82' lang='lat' dir='ltr'><strong>simplicita-</strong></span> 
     </span>
     <span class='ocr_line' id='line_1_5' title="bbox 276 744 1330 833; baseline -0.012 -18"><span class='ocrx_word' id='word_1_26' title='bbox 276 771 338 816; x_wconf 84' lang='lat' dir='ltr'><strong>tem</strong></span> <span class='ocrx_word' id='word_1_27' title='bbox 351 751 530 833; x_wconf 87' lang='lat' dir='ltr'><strong>epicemque</strong></span> <span class='ocrx_word' id='word_1_28' title='bbox 543 747 605 806; x_wconf 87' lang='lat' dir='ltr'><strong>vim</strong></span> <span class='ocrx_word' id='word_1_29' title='bbox 619 765 655 804; x_wconf 86' lang='lat' dir='ltr'><strong>ac</strong></span> <span class='ocrx_word' id='word_1_30' title='bbox 668 745 849 826; x_wconf 80' lang='lat' dir='ltr'><strong>dignitatem</strong></span> <span class='ocrx_word' id='word_1_31' title='bbox 865 744 904 804; x_wconf 90' lang='lat' dir='ltr'><strong>ab</strong></span> <span class='ocrx_word' id='word_1_32' title='bbox 915 746 1041 826; x_wconf 76' lang='lat' dir='ltr'><strong>argutiis</strong></span> <span class='ocrx_word' id='word_1_33' title='bbox 1052 759 1144 826; x_wconf 85' lang='lat' dir='ltr'><strong>atque</strong></span> <span class='ocrx_word' id='word_1_34' title='bbox 1157 745 1244 805; x_wconf 84' lang='lat' dir='ltr'><strong>inani</strong></span> <span class='ocrx_word' id='word_1_35' title='bbox 1258 765 1330 803; x_wconf 78' lang='lat' dir='ltr'><strong>ver·</strong></span> 
     </span>
     <span class='ocr_line' id='line_1_6' title="bbox 277 835 1330 916; baseline -0.012 -11"><span class='ocrx_word' id='word_1_36' title='bbox 277 845 390 905; x_wconf 87' lang='lat' dir='ltr'><strong>borum</strong></span> <span class='ocrx_word' id='word_1_37' title='bbox 403 854 525 900; x_wconf 89' lang='lat' dir='ltr'><strong>tumore</strong></span> <span class='ocrx_word' id='word_1_38' title='bbox 537 849 567 896; x_wconf 93' lang='lat' dir='ltr'><strong>et</strong></span> <span class='ocrx_word' id='word_1_39' title='bbox 580 835 718 896; x_wconf 88' lang='lat' dir='ltr'><strong>ubertate</strong></span> <span class='ocrx_word' id='word_1_40' title='bbox 728 835 922 915; x_wconf 75' lang='lat' dir='ltr'><strong>distinguere.</strong></span> <span class='ocrx_word' id='word_1_41' title='bbox 939 835 1006 895; x_wconf 87' lang='lat' dir='ltr'><strong>Dici</strong></span> <span class='ocrx_word' id='word_1_42' title='bbox 1021 835 1070 895; x_wconf 82' lang='lat' dir='ltr'><strong>vix</strong></span> <span class='ocrx_word' id='word_1_43' title='bbox 1085 847 1197 916; x_wconf 87' lang='lat' dir='ltr'><strong>potest,</strong></span> <span class='ocrx_word' id='word_1_44' title='bbox 1214 835 1330 914; x_wconf 87' lang='lat' dir='ltr'><strong>quanti</strong></span> 
     </span>
     <span class='ocr_line' id='line_1_7' title="bbox 276 921 1330 1007; baseline -0.011 -14"><span class='ocrx_word' id='word_1_45' title='bbox 276 933 314 994; x_wconf 88' lang='lat' dir='ltr'><strong>sit</strong></span> <span class='ocrx_word' id='word_1_46' title='bbox 331 928 482 990; x_wconf 79' lang='lat' dir='ltr'><strong>momenti</strong></span> <span class='ocrx_word' id='word_1_47' title='bbox 496 923 693 1007; x_wconf 87' lang='lat' dir='ltr'><strong>adjudicium</strong></span> <span class='ocrx_word' id='word_1_48' title='bbox 713 923 935 1006; x_wconf 79' lang='lat' dir='ltr'><strong>ingeniumque</strong></span> <span class='ocrx_word' id='word_1_49' title='bbox 952 921 1150 1006; x_wconf 75' lang='lat' dir='ltr'><strong>fingendum,</strong></span> <span class='ocrx_word' id='word_1_50' title='bbox 1169 937 1198 984; x_wconf 86' lang='lat' dir='ltr'><strong>et</strong></span> <span class='ocrx_word' id='word_1_51' title='bbox 1216 922 1255 982; x_wconf 89' lang='lat' dir='ltr'><strong>ad</strong></span> <span class='ocrx_word' id='word_1_52' title='bbox 1276 943 1330 982; x_wconf 77' lang='lat' dir='ltr'><strong>ve·</strong></span> 
     </span>
     <span class='ocr_line' id='line_1_8' title="bbox 277 1013 1328 1102; baseline -0.011 -18"><span class='ocrx_word' id='word_1_53' title='bbox 277 1045 344 1085; x_wconf 86' lang='lat' dir='ltr'><strong>ram</strong></span> <span class='ocrx_word' id='word_1_54' title='bbox 358 1020 471 1102; x_wconf 66' lang='lat' dir='ltr'><strong>linguae</strong></span> <span class='ocrx_word' id='word_1_55' title='bbox 485 1014 613 1096; x_wconf 86' lang='lat' dir='ltr'><strong>alicujus</strong></span> <span class='ocrx_word' id='word_1_56' title='bbox 628 1015 799 1096; x_wconf 89' lang='lat' dir='ltr'><strong>poeticique</strong></span> <span class='ocrx_word' id='word_1_57' title='bbox 815 1014 1008 1096; x_wconf 85' lang='lat' dir='ltr'><strong>potissimum</strong></span> <span class='ocrx_word' id='word_1_58' title='bbox 1022 1015 1172 1075; x_wconf 89' lang='lat' dir='ltr'><strong>sermonis</strong></span> <span class='ocrx_word' id='word_1_59' title='bbox 1184 1013 1328 1073; x_wconf 86' lang='lat' dir='ltr'><strong>indolem</strong></span> 
     </span>
     <span class='ocr_line' id='line_1_9' title="bbox 277 1101 1328 1192; baseline -0.011 -20"><span class='ocrx_word' id='word_1_60' title='bbox 277 1115 333 1174; x_wconf 91' lang='lat' dir='ltr'><strong>rite</strong></span> <span class='ocrx_word' id='word_1_61' title='bbox 357 1104 585 1192; x_wconf 84' lang='lat' dir='ltr'><strong>percipiendam</strong></span> <span class='ocrx_word' id='word_1_62' title='bbox 611 1101 765 1184; x_wconf 89' lang='lat' dir='ltr'><strong>plurium,</strong></span> <span class='ocrx_word' id='word_1_63' title='bbox 788 1116 817 1162; x_wconf 90' lang='lat' dir='ltr'><strong>et</strong></span> <span class='ocrx_word' id='word_1_64' title='bbox 843 1102 968 1162; x_wconf 81' lang='lat' dir='ltr'><strong>diversae</strong></span> <span class='ocrx_word' id='word_1_65' title='bbox 993 1103 1106 1190; x_wconf 81' lang='lat' dir='ltr'><strong>aetatis,</strong></span> <span class='ocrx_word' id='word_1_66' title='bbox 1134 1103 1328 1182; x_wconf 81' lang='lat' dir='ltr'><strong>scriptorum</strong></span> 
     </span>
     <span class='ocr_line' id='line_1_10' title="bbox 277 1188 1327 1279; baseline -0.012 -17"><span class='ocrx_word' id='word_1_67' title='bbox 277 1195 477 1279; x_wconf 85' lang='lat' dir='ltr'><strong>comparatio.</strong></span> <span class='ocrx_word' id='word_1_68' title='bbox 496 1193 598 1270; x_wconf 84' lang='lat' dir='ltr'><strong>Quam</strong></span> <span class='ocrx_word' id='word_1_69' title='bbox 619 1189 660 1250; x_wconf 88' lang='lat' dir='ltr'><strong>ob</strong></span> <span class='ocrx_word' id='word_1_70' title='bbox 680 1211 804 1252; x_wconf 84' lang='lat' dir='ltr'><strong>causam</strong></span> <span class='ocrx_word' id='word_1_71' title='bbox 826 1191 931 1250; x_wconf 85' lang='lat' dir='ltr'><strong>omnia</strong></span> <span class='ocrx_word' id='word_1_72' title='bbox 952 1191 1029 1250; x_wconf 81' lang='lat' dir='ltr'><strong>Livii</strong></span> <span class='ocrx_word' id='word_1_73' title='bbox 1049 1205 1080 1250; x_wconf 88' lang='lat' dir='ltr'><strong>et</strong></span> <span class='ocrx_word' id='word_1_74' title='bbox 1099 1188 1219 1270; x_wconf 77' lang='lat' dir='ltr'><strong>Virgilii</strong></span> <span class='ocrx_word' id='word_1_75' title='bbox 1242 1188 1327 1262; x_wconf 87' lang='lat' dir='ltr'><strong>loca,</strong></span> 
     </span>
     <span class='ocr_line' id='line_1_11' title="bbox 278 1275 1327 1370; baseline -0.013 -22"><span class='ocrx_word' id='word_1_76' title='bbox 278 1307 347 1370; x_wconf 81' lang='lat' dir='ltr'><strong>quae</strong></span> <span class='ocrx_word' id='word_1_77' title='bbox 360 1282 448 1344; x_wconf 83' lang='lat' dir='ltr'><strong>Silius</strong></span> <span class='ocrx_word' id='word_1_78' title='bbox 461 1292 531 1340; x_wconf 88' lang='lat' dir='ltr'><strong>aute</strong></span> <span class='ocrx_word' id='word_1_79' title='bbox 544 1277 649 1338; x_wconf 90' lang='lat' dir='ltr'><strong>oculos</strong></span> <span class='ocrx_word' id='word_1_80' title='bbox 663 1275 772 1337; x_wconf 84' lang='lat' dir='ltr'><strong>habuit</strong></span> <span class='ocrx_word' id='word_1_81' title='bbox 786 1291 816 1337; x_wconf 91' lang='lat' dir='ltr'><strong>et</strong></span> <span class='ocrx_word' id='word_1_82' title='bbox 834 1277 1005 1337; x_wconf 82' lang='lat' dir='ltr'><strong>imitatione</strong></span> <span class='ocrx_word' id='word_1_83' title='bbox 1021 1278 1177 1359; x_wconf 77' lang='lat' dir='ltr'><strong>expressit,</strong></span> <span class='ocrx_word' id='word_1_84' title='bbox 1192 1275 1327 1357; x_wconf 74' lang='lat' dir='ltr'><strong>diligen·</strong></span> 
     </span>
     <span class='ocr_line' id='line_1_12' title="bbox 277 1363 1328 1448; baseline -0.013 -12"><span class='ocrx_word' id='word_1_85' title='bbox 277 1377 336 1436; x_wconf 87' lang='lat' dir='ltr'><strong>tius</strong></span> <span class='ocrx_word' id='word_1_86' title='bbox 352 1393 369 1430; x_wconf 90' lang='lat' dir='ltr'><strong>a</strong></span> <span class='ocrx_word' id='word_1_87' title='bbox 384 1389 447 1442; x_wconf 90' lang='lat' dir='ltr'><strong>me,</strong></span> <span class='ocrx_word' id='word_1_88' title='bbox 464 1385 557 1448; x_wconf 86' lang='lat' dir='ltr'><strong>quarn</strong></span> <span class='ocrx_word' id='word_1_89' title='bbox 573 1385 590 1423; x_wconf 86' lang='lat' dir='ltr'><strong>a</strong></span> <span class='ocrx_word' id='word_1_90' title='bbox 604 1383 762 1446; x_wconf 86' lang='lat' dir='ltr'><strong>quoquam</strong></span> <span class='ocrx_word' id='word_1_91' title='bbox 779 1363 970 1445; x_wconf 89' lang='lat' dir='ltr'><strong>reliquorum</strong></span> <span class='ocrx_word' id='word_1_92' title='bbox 988 1363 1155 1438; x_wconf 86' lang='lat' dir='ltr'><strong>editorum,</strong></span> <span class='ocrx_word' id='word_1_93' title='bbox 1175 1363 1328 1424; x_wconf 84' lang='lat' dir='ltr'><strong>adnotata</strong></span> 
     </span>
     <span class='ocr_line' id='line_1_13' title="bbox 277 1451 1327 1535; baseline -0.014 -10"><span class='ocrx_word' id='word_1_94' title='bbox 277 1460 402 1524; x_wconf 85' lang='lat' dir='ltr'><strong>videbis.</strong></span> <span class='ocrx_word' id='word_1_95' title='bbox 413 1457 457 1516; x_wconf 83' lang='lat' dir='ltr'><strong>Ea</strong></span> <span class='ocrx_word' id='word_1_96' title='bbox 468 1469 571 1514; x_wconf 88' lang='lat' dir='ltr'><strong>tamen</strong></span> <span class='ocrx_word' id='word_1_97' title='bbox 587 1452 768 1535; x_wconf 87' lang='lat' dir='ltr'><strong>plerumque</strong></span> <span class='ocrx_word' id='word_1_98' title='bbox 781 1451 958 1533; x_wconf 90' lang='lat' dir='ltr'><strong>simpliciter</strong></span> <span class='ocrx_word' id='word_1_99' title='bbox 971 1465 1091 1514; x_wconf 87' lang='lat' dir='ltr'><strong>tantum</strong></span> <span class='ocrx_word' id='word_1_100' title='bbox 1108 1451 1246 1526; x_wconf 83' lang='lat' dir='ltr'><strong>laudavi,</strong></span> <span class='ocrx_word' id='word_1_101' title='bbox 1259 1471 1327 1512; x_wconf 88' lang='lat' dir='ltr'><strong>nou</strong></span> 
     </span>
     <span class='ocr_line' id='line_1_14' title="bbox 278 1537 1328 1628; baseline -0.014 -16"><span class='ocrx_word' id='word_1_102' title='bbox 278 1545 458 1628; x_wconf 81' lang='lat' dir='ltr'><strong>interposito</strong></span> <span class='ocrx_word' id='word_1_103' title='bbox 478 1541 595 1624; x_wconf 85' lang='lat' dir='ltr'><strong>judicio</strong></span> <span class='ocrx_word' id='word_1_104' title='bbox 618 1561 702 1615; x_wconf 91' lang='lat' dir='ltr'><strong>meo,</strong></span> <span class='ocrx_word' id='word_1_105' title='bbox 723 1560 779 1599; x_wconf 92' lang='lat' dir='ltr'><strong>nec</strong></span> <span class='ocrx_word' id='word_1_106' title='bbox 799 1540 871 1621; x_wconf 85' lang='lat' dir='ltr'><strong>ipsis</strong></span> <span class='ocrx_word' id='word_1_107' title='bbox 894 1540 970 1600; x_wconf 91' lang='lat' dir='ltr'><strong>Livii</strong></span> <span class='ocrx_word' id='word_1_108' title='bbox 996 1541 1197 1620; x_wconf 88' lang='lat' dir='ltr'><strong>Maronisque</strong></span> <span class='ocrx_word' id='word_1_109' title='bbox 1223 1537 1328 1598; x_wconf 82' lang='lat' dir='ltr'><strong>verbis</strong></span> 
     </span>
     <span class='ocr_line' id='line_1_15' title="bbox 279 1627 1328 1718; baseline -0.013 -18"><span class='ocrx_word' id='word_1_110' title='bbox 279 1635 446 1718; x_wconf 87' lang='lat' dir='ltr'><strong>adscriptis.</strong></span> <span class='ocrx_word' id='word_1_111' title='bbox 469 1633 547 1692; x_wconf 89' lang='lat' dir='ltr'><strong>Nam</strong></span> <span class='ocrx_word' id='word_1_112' title='bbox 572 1651 636 1692; x_wconf 87' lang='lat' dir='ltr'><strong>uon</strong></span> <span class='ocrx_word' id='word_1_113' title='bbox 660 1627 753 1690; x_wconf 89' lang='lat' dir='ltr'><strong>modo</strong></span> <span class='ocrx_word' id='word_1_114' title='bbox 777 1627 811 1688; x_wconf 91' lang='lat' dir='ltr'><strong>hi</strong></span> <span class='ocrx_word' id='word_1_115' title='bbox 831 1630 993 1712; x_wconf 82' lang='lat' dir='ltr'><strong>scriptores</strong></span> <span class='ocrx_word' id='word_1_116' title='bbox 1015 1630 1157 1690; x_wconf 87' lang='lat' dir='ltr'><strong>omnium</strong></span> <span class='ocrx_word' id='word_1_117' title='bbox 1180 1627 1328 1688; x_wconf 85' lang='lat' dir='ltr'><strong>manibus</strong></span> 
     </span>
     <span class='ocr_line' id='line_1_16' title="bbox 277 1715 1327 1800; baseline -0.011 -13"><span class='ocrx_word' id='word_1_118' title='bbox 277 1739 434 1797; x_wconf 90' lang='lat' dir='ltr'><strong>teruntur,</strong></span> <span class='ocrx_word' id='word_1_119' title='bbox 449 1719 680 1800; x_wconf 80' lang='lat' dir='ltr'><strong>cavendumque</strong></span> <span class='ocrx_word' id='word_1_120' title='bbox 691 1732 770 1792; x_wconf 89' lang='lat' dir='ltr'><strong>erat,</strong></span> <span class='ocrx_word' id='word_1_121' title='bbox 785 1737 825 1777; x_wconf 88' lang='lat' dir='ltr'><strong>ne</strong></span> <span class='ocrx_word' id='word_1_122' title='bbox 836 1731 946 1800; x_wconf 84' lang='lat' dir='ltr'><strong>praeter</strong></span> <span class='ocrx_word' id='word_1_123' title='bbox 957 1718 1162 1778; x_wconf 83' lang='lat' dir='ltr'><strong>necessitatem</strong></span> <span class='ocrx_word' id='word_1_124' title='bbox 1176 1715 1216 1776; x_wconf 88' lang='lat' dir='ltr'><strong>ad</strong></span> <span class='ocrx_word' id='word_1_125' title='bbox 1232 1715 1327 1776; x_wconf 83' lang='lat' dir='ltr'><strong>nimis</strong></span> 
     </span>
     <span class='ocr_line' id='line_1_17' title="bbox 278 1800 1327 1893; baseline -0.012 -19"><span class='ocrx_word' id='word_1_126' title='bbox 278 1831 424 1893; x_wconf 71' lang='lat' dir='ltr'><strong>magnam</strong></span> <span class='ocrx_word' id='word_1_127' title='bbox 439 1807 554 1868; x_wconf 88' lang='lat' dir='ltr'><strong>molem</strong></span> <span class='ocrx_word' id='word_1_128' title='bbox 571 1806 648 1867; x_wconf 88' lang='lat' dir='ltr'><strong>liber</strong></span> <span class='ocrx_word' id='word_1_129' title='bbox 661 1819 857 1878; x_wconf 83' lang='lat' dir='ltr'><strong>excresceret;</strong></span> <span class='ocrx_word' id='word_1_130' title='bbox 878 1805 1036 1866; x_wconf 88' lang='lat' dir='ltr'><strong>sedetiam</strong></span> <span class='ocrx_word' id='word_1_131' title='bbox 1054 1827 1104 1880; x_wconf 89' lang='lat' dir='ltr'><strong>ea,</strong></span> <span class='ocrx_word' id='word_1_132' title='bbox 1123 1824 1192 1886; x_wconf 81' lang='lat' dir='ltr'><strong>quae</strong></span> <span class='ocrx_word' id='word_1_133' title='bbox 1213 1804 1248 1862; x_wconf 92' lang='lat' dir='ltr'><strong>in</strong></span> <span class='ocrx_word' id='word_1_134' title='bbox 1267 1800 1327 1862; x_wconf 84' lang='lat' dir='ltr'><strong>hac</strong></span> 
     </span>
     <span class='ocr_line' id='line_1_18' title="bbox 278 1891 1326 1982; baseline -0.012 -20"><span class='ocrx_word' id='word_1_135' title='bbox 278 1899 509 1982; x_wconf 85' lang='lat' dir='ltr'><strong>comparatione</strong></span> <span class='ocrx_word' id='word_1_136' title='bbox 525 1909 701 1976; x_wconf 86' lang='lat' dir='ltr'><strong>opportune</strong></span> <span class='ocrx_word' id='word_1_137' title='bbox 715 1895 836 1954; x_wconf 89' lang='lat' dir='ltr'><strong>moneri</strong></span> <span class='ocrx_word' id='word_1_138' title='bbox 853 1909 1012 1976; x_wconf 85' lang='lat' dir='ltr'><strong>poterant,</strong></span> <span class='ocrx_word' id='word_1_139' title='bbox 1024 1892 1188 1974; x_wconf 85' lang='lat' dir='ltr'><strong>juvenum,</strong></span> <span class='ocrx_word' id='word_1_140' title='bbox 1207 1907 1251 1968; x_wconf 88' lang='lat' dir='ltr'><strong>et,</strong></span> <span class='ocrx_word' id='word_1_141' title='bbox 1271 1891 1326 1971; x_wconf 89' lang='lat' dir='ltr'><strong>qui</strong></span> 
     </span>
     <span class='ocr_line' id='line_1_19' title="bbox 277 1979 1329 2064; baseline -0.009 -18"><span class='ocrx_word' id='word_1_142' title='bbox 277 1986 393 2048; x_wconf 90' lang='lat' dir='ltr'><strong>horum</strong></span> <span class='ocrx_word' id='word_1_143' title='bbox 406 1982 569 2043; x_wconf 86' lang='lat' dir='ltr'><strong>lectionem</strong></span> <span class='ocrx_word' id='word_1_144' title='bbox 583 1981 800 2056; x_wconf 86' lang='lat' dir='ltr'><strong>moderentur,</strong></span> <span class='ocrx_word' id='word_1_145' title='bbox 814 1981 1033 2064; x_wconf 74' lang='lat' dir='ltr'><strong>magistrorum</strong></span> <span class='ocrx_word' id='word_1_146' title='bbox 1043 1979 1158 2062; x_wconf 89' lang='lat' dir='ltr'><strong>judicio</strong></span> <span class='ocrx_word' id='word_1_147' title='bbox 1174 1979 1329 2058; x_wconf 86' lang='lat' dir='ltr'><strong>relinque·</strong></span> 
     </span>
     <span class='ocr_line' id='line_1_20' title="bbox 279 2066 1326 2154; baseline -0.01 -20"><span class='ocrx_word' id='word_1_148' title='bbox 279 2095 325 2150; x_wconf 93' lang='lat' dir='ltr'><strong>re,</strong></span> <span class='ocrx_word' id='word_1_149' title='bbox 339 2091 435 2154; x_wconf 89' lang='lat' dir='ltr'><strong>quam</strong></span> <span class='ocrx_word' id='word_1_150' title='bbox 452 2071 516 2150; x_wconf 88' lang='lat' dir='ltr'><strong>ipse</strong></span> <span class='ocrx_word' id='word_1_151' title='bbox 532 2087 683 2149; x_wconf 84' lang='lat' dir='ltr'><strong>occupare</strong></span> <span class='ocrx_word' id='word_1_152' title='bbox 701 2067 812 2142; x_wconf 91' lang='lat' dir='ltr'><strong>malui,</strong></span> <span class='ocrx_word' id='word_1_153' title='bbox 827 2068 943 2150; x_wconf 90' lang='lat' dir='ltr'><strong>quippe</strong></span> <span class='ocrx_word' id='word_1_154' title='bbox 957 2069 1011 2149; x_wconf 92' lang='lat' dir='ltr'><strong>qui</strong></span> <span class='ocrx_word' id='word_1_155' title='bbox 1026 2088 1084 2128; x_wconf 88' lang='lat' dir='ltr'><strong>usu</strong></span> <span class='ocrx_word' id='word_1_156' title='bbox 1099 2066 1206 2142; x_wconf 90' lang='lat' dir='ltr'><strong>didici,</strong></span> <span class='ocrx_word' id='word_1_157' title='bbox 1225 2086 1326 2148; x_wconf 84' lang='lat' dir='ltr'><strong>qnan-</strong></span> 
     </span>
    </p>
   </div>
   <div class='ocr_carea' id='block_1_3' title="bbox 278 2153 1425 2237">
    <p class='ocr_par' dir='ltr' id='par_1_3' title="bbox 278 2153 1425 2237">
     <span class='ocr_line' id='line_1_21' title="bbox 278 2153 1425 2237; baseline -0.01 -15"><span class='ocrx_word' id='word_1_158' title='bbox 278 2177 345 2222; x_wconf 90' lang='lat' dir='ltr'><strong>tum</strong></span> <span class='ocrx_word' id='word_1_159' title='bbox 359 2158 425 2231; x_wconf 87' lang='lat' dir='ltr'><strong>lraec</strong></span> <span class='ocrx_word' id='word_1_160' title='bbox 440 2155 611 2216; x_wconf 87' lang='lat' dir='ltr'><strong>exercitatio</strong></span> <span class='ocrx_word' id='word_1_161' title='bbox 627 2155 665 2214; x_wconf 86' lang='lat' dir='ltr'><strong>ad</strong></span> <span class='ocrx_word' id='word_1_162' title='bbox 684 2155 918 2237; x_wconf 76' lang='lat' dir='ltr'><strong>intelligentiam</strong></span> <span class='ocrx_word' id='word_1_163' title='bbox 936 2177 1001 2216; x_wconf 91' lang='lat' dir='ltr'><strong>non</strong></span> <span class='ocrx_word' id='word_1_164' title='bbox 1018 2157 1122 2216; x_wconf 87' lang='lat' dir='ltr'><strong>minus</strong></span> <span class='ocrx_word' id='word_1_165' title='bbox 1136 2169 1167 2214; x_wconf 90' lang='lat' dir='ltr'><strong>et</strong></span> <span class='ocrx_word' id='word_1_166' title='bbox 1180 2153 1327 2236; x_wconf 74' lang='lat' dir='ltr'><strong>sagacita-</strong></span> <span class='ocrx_word' id='word_1_167' title='bbox 1424 2179 1425 2210; x_wconf 56' lang='lat' dir='ltr'><strong>t</strong></span> 
     </span>
    </p>
   </div>
   <div class='ocr_carea' id='block_1_4' title="bbox 278 2242 1204 2327">
    <p class='ocr_par' dir='ltr' id='par_1_4' title="bbox 278 2242 1204 2327">
     <span class='ocr_line' id='line_1_22' title="bbox 278 2242 1204 2327; baseline -0.006 -18"><span class='ocrx_word' id='word_1_168' title='bbox 278 2263 355 2323; x_wconf 91' lang='lat' dir='ltr'><strong>tem,</strong></span> <span class='ocrx_word' id='word_1_169' title='bbox 369 2265 463 2327; x_wconf 90' lang='lat' dir='ltr'><strong>quam</strong></span> <span class='ocrx_word' id='word_1_170' title='bbox 477 2243 515 2304; x_wconf 86' lang='lat' dir='ltr'><strong>ad</strong></span> <span class='ocrx_word' id='word_1_171' title='bbox 530 2242 717 2302; x_wconf 82' lang='lat' dir='ltr'><strong>industriam</strong></span> <span class='ocrx_word' id='word_1_172' title='bbox 727 2243 897 2324; x_wconf 85' lang='lat' dir='ltr'><strong>juventutis</strong></span> <span class='ocrx_word' id='word_1_173' title='bbox 911 2243 1081 2306; x_wconf 85' lang='lat' dir='ltr'><strong>acuendam</strong></span> <span class='ocrx_word' id='word_1_174' title='bbox 1097 2242 1204 2303; x_wconf 87' lang='lat' dir='ltr'><strong>valeat.</strong></span> 
     </span>
    </p>
   </div>
   <div class='ocr_carea' id='block_1_5' title="bbox 653 2413 949 2494">
    <p class='ocr_par' dir='ltr' id='par_1_5' title="bbox 653 2413 949 2494">
     <span class='ocr_line' id='line_1_23' title="bbox 653 2413 949 2494; baseline -0.007 -4"><span class='ocrx_word' id='word_1_175' title='bbox 653 2413 853 2491; x_wconf 88' lang='lat' dir='ltr'><strong>SECTIO</strong></span> <span class='ocrx_word' id='word_1_176' title='bbox 879 2415 949 2494; x_wconf 91' lang='lat' dir='ltr'><strong>lV.</strong></span> 
     </span>
    </p>
   </div>
   <div class='ocr_carea' id='block_1_6' title="bbox 281 2577 1324 2659">
    <p class='ocr_par' dir='ltr' id='par_1_6' title="bbox 281 2577 1324 2659">
     <span class='ocr_line' id='line_1_24' title="bbox 281 2577 1324 2659; baseline -0.004 -11"><span class='ocrx_word' id='word_1_177' title='bbox 281 2582 422 2648; x_wconf 80' lang='lat' dir='ltr'><strong>Historia</strong></span> <span class='ocrx_word' id='word_1_178' title='bbox 432 2579 571 2647; x_wconf 82' lang='lat' dir='ltr'><strong>literaria</strong></span> <span class='ocrx_word' id='word_1_179' title='bbox 581 2581 728 2644; x_wconf 81' lang='lat' dir='ltr'><strong>carminis</strong></span> <span class='ocrx_word' id='word_1_180' title='bbox 737 2577 864 2659; x_wconf 75' lang='lat' dir='ltr'><strong>Siliani,</strong></span> <span class='ocrx_word' id='word_1_181' title='bbox 880 2593 911 2646; x_wconf 85' lang='lat' dir='ltr'><strong>et</strong></span> <span class='ocrx_word' id='word_1_182' title='bbox 923 2601 1065 2645; x_wconf 80' lang='lat' dir='ltr'><strong>recensus</strong></span> <span class='ocrx_word' id='word_1_183' title='bbox 1074 2577 1223 2645; x_wconf 75' lang='grc' dir='ltr'><strong>Οοάἰειιηι</strong></span> <span class='ocrx_word' id='word_1_184' title='bbox 1230 2577 1324 2646; x_wconf 86' lang='lat' dir='ltr'><em>MSS.</em></span> 
     </span>
    </p>
   </div>
   <div class='ocr_carea' id='block_1_7' title="bbox 278 2747 1325 3460">
    <p class='ocr_par' dir='ltr' id='par_1_7' title="bbox 278 2747 1325 3460">
     <span class='ocr_line' id='line_1_25' title="bbox 318 2747 1324 2832; baseline -0.003 -22"><span class='ocrx_word' id='word_1_185' title='bbox 318 2753 373 2812; x_wconf 86' lang='lat' dir='ltr'><strong>llis</strong></span> <span class='ocrx_word' id='word_1_186' title='bbox 393 2751 533 2810; x_wconf 80' lang='lat' dir='ltr'><strong>universe</strong></span> <span class='ocrx_word' id='word_1_187' title='bbox 551 2747 589 2808; x_wconf 93' lang='lat' dir='ltr'><strong>de</strong></span> <span class='ocrx_word' id='word_1_188' title='bbox 609 2761 696 2831; x_wconf 89' lang='lat' dir='ltr'><strong>poeta</strong></span> <span class='ocrx_word' id='word_1_189' title='bbox 718 2760 826 2808; x_wconf 89' lang='lat' dir='ltr'><strong>nostro</strong></span> <span class='ocrx_word' id='word_1_190' title='bbox 846 2747 970 2830; x_wconf 87' lang='lat' dir='ltr'><strong>ejusque</strong></span> <span class='ocrx_word' id='word_1_191' title='bbox 988 2749 1128 2809; x_wconf 87' lang='lat' dir='ltr'><strong>carmine</strong></span> <span class='ocrx_word' id='word_1_192' title='bbox 1146 2749 1324 2832; x_wconf 70' lang='lat' dir='ltr'><strong>premissis,</strong></span> 
     </span>
     <span class='ocr_line' id='line_1_26' title="bbox 279 2834 1325 2926; baseline -0.007 -24"><span class='ocrx_word' id='word_1_193' title='bbox 279 2841 455 2926; x_wconf 83' lang='lat' dir='ltr'><strong>proximum</strong></span> <span class='ocrx_word' id='word_1_194' title='bbox 469 2851 526 2914; x_wconf 85' lang='lat' dir='ltr'><strong>est,</strong></span> <span class='ocrx_word' id='word_1_195' title='bbox 544 2852 580 2898; x_wconf 91' lang='lat' dir='ltr'><strong>ut</strong></span> <span class='ocrx_word' id='word_1_196' title='bbox 593 2859 691 2919; x_wconf 91' lang='lat' dir='ltr'><strong>quum</strong></span> <span class='ocrx_word' id='word_1_197' title='bbox 704 2834 741 2898; x_wconf 91' lang='lat' dir='ltr'><strong>de</strong></span> <span class='ocrx_word' id='word_1_198' title='bbox 755 2857 848 2919; x_wconf 89' lang='lat' dir='ltr'><strong>opera</strong></span> <span class='ocrx_word' id='word_1_199' title='bbox 862 2837 1039 2919; x_wconf 81' lang='lat' dir='ltr'><strong>meritisque</strong></span> <span class='ocrx_word' id='word_1_200' title='bbox 1050 2860 1174 2913; x_wconf 86' lang='lat' dir='ltr'><strong>eorum,</strong></span> <span class='ocrx_word' id='word_1_201' title='bbox 1188 2839 1241 2918; x_wconf 93' lang='lat' dir='ltr'><strong>qui</strong></span> <span class='ocrx_word' id='word_1_202' title='bbox 1253 2851 1325 2896; x_wconf 85' lang='lat' dir='ltr'><strong>ante</strong></span> 
     </span>
     <span class='ocr_line' id='line_1_27' title="bbox 279 2926 1324 3012; baseline -0.005 -19"><span class='ocrx_word' id='word_1_203' title='bbox 279 2929 387 2993; x_wconf 79' lang='lat' dir='ltr'><strong>mead</strong></span> <span class='ocrx_word' id='word_1_204' title='bbox 403 2929 510 2991; x_wconf 88' lang='lat' dir='ltr'><strong>Silium</strong></span> <span class='ocrx_word' id='word_1_205' title='bbox 531 2927 684 2990; x_wconf 87' lang='lat' dir='ltr'><strong>edendum</strong></span> <span class='ocrx_word' id='word_1_206' title='bbox 705 2926 914 3004; x_wconf 88' lang='lat' dir='ltr'><strong>adcesserunt,</strong></span> <span class='ocrx_word' id='word_1_207' title='bbox 932 2942 999 3012; x_wconf 81' lang='lat' dir='ltr'><strong>tum</strong></span> <span class='ocrx_word' id='word_1_208' title='bbox 1020 2927 1057 2988; x_wconf 93' lang='lat' dir='ltr'><strong>de</strong></span> <span class='ocrx_word' id='word_1_209' title='bbox 1077 2929 1241 2992; x_wconf 88' lang='lat' dir='ltr'><strong>Codicibus</strong></span> <span class='ocrx_word' id='word_1_210' title='bbox 1260 2927 1324 3009; x_wconf 85' lang='lat' dir='ltr'><strong>ejus</strong></span> 
     </span>
     <span class='ocr_line' id='line_1_28' title="bbox 279 3019 1324 3106; baseline -0.004 -22"><span class='ocrx_word' id='word_1_211' title='bbox 279 3023 360 3084; x_wconf 87' lang='lat' dir='ltr'><strong>MSS.</strong></span> <span class='ocrx_word' id='word_1_212' title='bbox 380 3021 484 3103; x_wconf 86' lang='lat' dir='ltr'><strong>paucis</strong></span> <span class='ocrx_word' id='word_1_213' title='bbox 506 3040 668 3102; x_wconf 85' lang='lat' dir='ltr'><strong>exponam.</strong></span> <span class='ocrx_word' id='word_1_214' title='bbox 690 3019 796 3106; x_wconf 88' lang='lat' dir='ltr'><strong>Quum</strong></span> <span class='ocrx_word' id='word_1_215' title='bbox 818 3039 889 3080; x_wconf 89' lang='lat' dir='ltr'><strong>vero</strong></span> <span class='ocrx_word' id='word_1_216' title='bbox 911 3019 1143 3100; x_wconf 80' lang='lat' dir='ltr'><strong>Drakenborch.</strong></span> <span class='ocrx_word' id='word_1_217' title='bbox 1171 3031 1324 3102; x_wconf 85' lang='lat' dir='ltr'><strong>quantum</strong></span> 
     </span>
     <span class='ocr_line' id='line_1_29' title="bbox 279 3108 1323 3194; baseline -0.004 -22"><span class='ocrx_word' id='word_1_218' title='bbox 279 3114 357 3194; x_wconf 88' lang='lat' dir='ltr'><strong>ipse,</strong></span> <span class='ocrx_word' id='word_1_219' title='bbox 373 3124 402 3170; x_wconf 91' lang='lat' dir='ltr'><strong>et</strong></span> <span class='ocrx_word' id='word_1_220' title='bbox 418 3108 472 3192; x_wconf 90' lang='lat' dir='ltr'><strong>qni</strong></span> <span class='ocrx_word' id='word_1_221' title='bbox 487 3121 558 3168; x_wconf 90' lang='lat' dir='ltr'><strong>ante</strong></span> <span class='ocrx_word' id='word_1_222' title='bbox 573 3130 644 3170; x_wconf 89' lang='lat' dir='ltr'><strong>eum</strong></span> <span class='ocrx_word' id='word_1_223' title='bbox 663 3111 696 3170; x_wconf 90' lang='lat' dir='ltr'><strong>in</strong></span> <span class='ocrx_word' id='word_1_224' title='bbox 713 3122 803 3191; x_wconf 89' lang='lat' dir='ltr'><strong>poeta</strong></span> <span class='ocrx_word' id='word_1_225' title='bbox 818 3109 1002 3170; x_wconf 86' lang='lat' dir='ltr'><strong>recensendo</strong></span> <span class='ocrx_word' id='word_1_226' title='bbox 1017 3111 1269 3184; x_wconf 84' lang='lat' dir='ltr'><strong>elaboraverunt,</strong></span> <span class='ocrx_word' id='word_1_227' title='bbox 1285 3108 1323 3168; x_wconf 87' lang='lat' dir='ltr'><strong>ad</strong></span> 
     </span>
     <span class='ocr_line' id='line_1_30' title="bbox 278 3193 1322 3278; baseline -0.003 -18"><span class='ocrx_word' id='word_1_228' title='bbox 278 3221 350 3260; x_wconf 89' lang='lat' dir='ltr'><strong>eum</strong></span> <span class='ocrx_word' id='word_1_229' title='bbox 371 3195 417 3256; x_wconf 89' lang='lat' dir='ltr'><strong>vel</strong></span> <span class='ocrx_word' id='word_1_230' title='bbox 436 3193 684 3277; x_wconf 76' lang='lat' dir='ltr'><strong>intelligendum,</strong></span> <span class='ocrx_word' id='word_1_231' title='bbox 704 3199 751 3258; x_wconf 90' lang='lat' dir='ltr'><strong>vel</strong></span> <span class='ocrx_word' id='word_1_232' title='bbox 768 3198 996 3260; x_wconf 88' lang='lat' dir='ltr'><strong>emendandum</strong></span> <span class='ocrx_word' id='word_1_233' title='bbox 1016 3200 1215 3276; x_wconf 90' lang='lat' dir='ltr'><strong>contulerint,</strong></span> <span class='ocrx_word' id='word_1_234' title='bbox 1234 3217 1322 3278; x_wconf 85' lang='lat' dir='ltr'><strong>quas·</strong></span> 
     </span>
     <span class='ocr_line' id='line_1_31' title="bbox 279 3281 1323 3370; baseline -0.001 -23"><span class='ocrx_word' id='word_1_235' title='bbox 279 3307 339 3370; x_wconf 89' lang='lat' dir='ltr'><strong>que</strong></span> <span class='ocrx_word' id='word_1_236' title='bbox 353 3281 454 3346; x_wconf 88' lang='lat' dir='ltr'><strong>adhuc</strong></span> <span class='ocrx_word' id='word_1_237' title='bbox 469 3283 662 3345; x_wconf 83' lang='lat' dir='ltr'><strong>membranas</strong></span> <span class='ocrx_word' id='word_1_238' title='bbox 678 3287 875 3362; x_wconf 84' lang='lat' dir='ltr'><strong>excusserint,</strong></span> <span class='ocrx_word' id='word_1_239' title='bbox 888 3285 954 3370; x_wconf 85' lang='lat' dir='ltr'><strong>jam</strong></span> <span class='ocrx_word' id='word_1_240' title='bbox 971 3287 1004 3347; x_wconf 91' lang='lat' dir='ltr'><strong>in</strong></span> <span class='ocrx_word' id='word_1_241' title='bbox 1021 3287 1206 3348; x_wconf 82' lang='lat' dir='ltr'><strong>Praefatione</strong></span> <span class='ocrx_word' id='word_1_242' title='bbox 1216 3285 1323 3347; x_wconf 88' lang='lat' dir='ltr'><strong>editio·</strong></span> 
     </span>
     <span class='ocr_line' id='line_1_32' title="bbox 279 3372 1322 3460; baseline -0.001 -23"><span class='ocrx_word' id='word_1_243' title='bbox 279 3377 326 3437; x_wconf 89' lang='lat' dir='ltr'><strong>nis</strong></span> <span class='ocrx_word' id='word_1_244' title='bbox 339 3393 400 3436; x_wconf 82' lang='lat' dir='ltr'><strong>suae</strong></span> <span class='ocrx_word' id='word_1_245' title='bbox 413 3373 483 3434; x_wconf 87' lang='lat' dir='ltr'><strong>setis</strong></span> <span class='ocrx_word' id='word_1_246' title='bbox 497 3372 666 3435; x_wconf 87' lang='lat' dir='ltr'><strong>luculenter</strong></span> <span class='ocrx_word' id='word_1_247' title='bbox 680 3376 853 3448; x_wconf 85' lang='lat' dir='ltr'><strong>tradiderit;</strong></span> <span class='ocrx_word' id='word_1_248' title='bbox 868 3376 931 3460; x_wconf 89' lang='lat' dir='ltr'><strong>ejus</strong></span> <span class='ocrx_word' id='word_1_249' title='bbox 948 3377 1038 3438; x_wconf 86' lang='lat' dir='ltr'><strong>verba</strong></span> <span class='ocrx_word' id='word_1_250' title='bbox 1053 3377 1141 3455; x_wconf 77' lang='lat' dir='ltr'><strong>liccat</strong></span> <span class='ocrx_word' id='word_1_251' title='bbox 1158 3398 1242 3438; x_wconf 90' lang='lat' dir='ltr'><strong>nunc</strong></span> <span class='ocrx_word' id='word_1_252' title='bbox 1255 3395 1322 3436; x_wconf 88' lang='lat' dir='ltr'><strong>mea</strong></span> 
     </span>
    </p>
   </div>
   <div class='ocr_carea' id='block_1_8' title="bbox 278 3460 1320 3631">
    <p class='ocr_par' dir='ltr' id='par_1_8' title="bbox 278 3460 1320 3631">
     <span class='ocr_line' id='line_1_33' title="bbox 278 3460 1320 3549; baseline 0.001 -24"><span class='ocrx_word' id='word_1_253' title='bbox 278 3464 390 3538; x_wconf 83' lang='lat' dir='ltr'><strong>facere,</strong></span> <span class='ocrx_word' id='word_1_254' title='bbox 408 3460 523 3521; x_wconf 88' lang='lat' dir='ltr'><strong>refectis</strong></span> <span class='ocrx_word' id='word_1_255' title='bbox 539 3473 641 3522; x_wconf 84' lang='lat' dir='ltr'><strong>tamen</strong></span> <span class='ocrx_word' id='word_1_256' title='bbox 662 3464 835 3541; x_wconf 89' lang='lat' dir='ltr'><strong>nonnullis,</strong></span> <span class='ocrx_word' id='word_1_257' title='bbox 852 3486 921 3547; x_wconf 82' lang='lat' dir='ltr'><strong>quse</strong></span> <span class='ocrx_word' id='word_1_258' title='bbox 937 3479 1072 3549; x_wconf 86' lang='lat' dir='ltr'><strong>repetere</strong></span> <span class='ocrx_word' id='word_1_259' title='bbox 1088 3464 1169 3526; x_wconf 92' lang='lat' dir='ltr'><strong>nihil</strong></span> <span class='ocrx_word' id='word_1_260' title='bbox 1190 3463 1320 3540; x_wconf 86' lang='lat' dir='ltr'><strong>adtinet,</strong></span> 
     </span>
     <span class='ocr_line' id='line_1_34' title="bbox 279 3547 1197 3631; baseline -0.012 -17"><span class='ocrx_word' id='word_1_261' title='bbox 279 3568 308 3614; x_wconf 89' lang='lat' dir='ltr'><strong>et</strong></span> <span class='ocrx_word' id='word_1_262' title='bbox 321 3551 402 3614; x_wconf 91' lang='lat' dir='ltr'><strong>notis</strong></span> <span class='ocrx_word' id='word_1_263' title='bbox 415 3547 535 3628; x_wconf 83' lang='lat' dir='ltr'><strong>aliquot</strong></span> <span class='ocrx_word' id='word_1_264' title='bbox 549 3549 705 3631; x_wconf 78' lang='lat' dir='ltr'><strong>adspersis.</strong></span> <span class='ocrx_word' id='word_1_265' title='bbox 1195 3551 1197 3556; x_wconf 88' lang='lat'>&#39;</span> 
     </span>
    </p>
   </div>
   <div class='ocr_carea' id='block_1_9' title="bbox 465 3699 1144 3763">
    <p class='ocr_par' dir='ltr' id='par_1_9' title="bbox 465 3699 1144 3763">
     <span class='ocr_line' id='line_1_35' title="bbox 465 3699 1144 3763; baseline 0.007 -5"><span class='ocrx_word' id='word_1_266' title='bbox 465 3699 707 3760; x_wconf 82' lang='lat' dir='ltr'><strong>PRAEFATIO</strong></span> <span class='ocrx_word' id='word_1_267' title='bbox 734 3701 1144 3763; x_wconf 83' lang='lat' dir='ltr'><strong>DRAKENBORCHII.</strong></span> 
     </span>
    </p>
   </div>
   <div class='ocr_carea' id='block_1_10' title="bbox 278 3839 1319 4099">
    <p class='ocr_par' dir='ltr' id='par_1_10' title="bbox 278 3839 1319 4099">
     <span class='ocr_line' id='line_1_36' title="bbox 318 3839 1318 3930; baseline 0.004 -26"><span class='ocrx_word' id='word_1_268' title='bbox 318 3842 443 3904; x_wconf 86' lang='lat' dir='ltr'><strong>Mortuo</strong></span> <span class='ocrx_word' id='word_1_269' title='bbox 461 3854 491 3901; x_wconf 91' lang='lat' dir='ltr'><strong>et</strong></span> <span class='ocrx_word' id='word_1_270' title='bbox 507 3841 597 3902; x_wconf 89' lang='lat' dir='ltr'><strong>rebus</strong></span> <span class='ocrx_word' id='word_1_271' title='bbox 613 3839 759 3904; x_wconf 86' lang='lat' dir='ltr'><strong>humenis</strong></span> <span class='ocrx_word' id='word_1_272' title='bbox 775 3859 879 3928; x_wconf 89' lang='lat' dir='ltr'><strong>erepto</strong></span> <span class='ocrx_word' id='word_1_273' title='bbox 894 3844 984 3920; x_wconf 88' lang='lat' dir='ltr'><strong>Silio,</strong></span> <span class='ocrx_word' id='word_1_274' title='bbox 1003 3845 1065 3904; x_wconf 85' lang='lat' dir='ltr'><strong>sive</strong></span> <span class='ocrx_word' id='word_1_275' title='bbox 1080 3844 1110 3905; x_wconf 92' lang='lat' dir='ltr'><strong>id</strong></span> <span class='ocrx_word' id='word_1_276' title='bbox 1130 3857 1318 3930; x_wconf 83' lang='lat' dir='ltr'><strong>tempomm‚</strong></span> 
     </span>
     <span class='ocr_line' id='line_1_37' title="bbox 278 3929 1319 4016; baseline 0.001 -23"><span class='ocrx_word' id='word_1_277' title='bbox 278 3941 311 3998; x_wconf 83' lang='lat' dir='ltr'><strong>in</strong></span> <span class='ocrx_word' id='word_1_278' title='bbox 325 3931 439 3994; x_wconf 82' lang='lat' dir='ltr'><strong>loedam</strong></span> <span class='ocrx_word' id='word_1_279' title='bbox 452 3929 626 3992; x_wconf 85' lang='lat' dir='ltr'><strong>barbariem</strong></span> <span class='ocrx_word' id='word_1_280' title='bbox 641 3933 799 3992; x_wconf 89' lang='lat' dir='ltr'><strong>ruentium</strong></span> <span class='ocrx_word' id='word_1_281' title='bbox 813 3934 923 3994; x_wconf 88' lang='lat' dir='ltr'><strong>inertia</strong></span> <span class='ocrx_word' id='word_1_282' title='bbox 944 3953 980 3993; x_wconf 85' lang='lat' dir='ltr'><strong>sc</strong></span> <span class='ocrx_word' id='word_1_283' title='bbox 998 3933 1128 4016; x_wconf 88' lang='lat' dir='ltr'><strong>pessimo</strong></span> <span class='ocrx_word' id='word_1_284' title='bbox 1150 3933 1319 3995; x_wconf 88' lang='lat' dir='ltr'><strong>studiomrn</strong></span> 
     </span>
     <span class='ocr_line' id='line_1_38' title="bbox 279 4016 1319 4099; baseline 0 -18"><span class='ocrx_word' id='word_1_285' title='bbox 279 4031 449 4091; x_wconf 86' lang='lat' dir='ltr'><strong>contemtu,</strong></span> <span class='ocrx_word' id='word_1_286' title='bbox 464 4018 525 4078; x_wconf 85' lang='lat' dir='ltr'><strong>sive</strong></span> <span class='ocrx_word' id='word_1_287' title='bbox 540 4039 603 4099; x_wconf 92' lang='lat' dir='ltr'><strong>quo</strong></span> <span class='ocrx_word' id='word_1_288' title='bbox 618 4016 679 4079; x_wconf 89' lang='lat' dir='ltr'><strong>alio</strong></span> <span class='ocrx_word' id='word_1_289' title='bbox 697 4041 768 4079; x_wconf 87' lang='lat' dir='ltr'><strong>casu</strong></span> <span class='ocrx_word' id='word_1_290' title='bbox 783 4021 927 4080; x_wconf 87' lang='lat' dir='ltr'><strong>adcidisse</strong></span> <span class='ocrx_word' id='word_1_291' title='bbox 945 4021 1109 4080; x_wconf 89' lang='lat' dir='ltr'><strong>dicendum</strong></span> <span class='ocrx_word' id='word_1_292' title='bbox 1128 4023 1180 4096; x_wconf 85' lang='lat' dir='ltr'><strong>sit,</strong></span> <span class='ocrx_word' id='word_1_293' title='bbox 1199 4023 1319 4096; x_wconf 87' lang='lat' dir='ltr'><strong>unicus,</strong></span> 
     </span>
    </p>
   </div>
   <div class='ocr_carea' id='block_1_11' title="bbox 276 4105 1319 4197">
    <p class='ocr_par' dir='ltr' id='par_1_11' title="bbox 276 4105 1319 4197">
     <span class='ocr_line' id='line_1_39' title="bbox 276 4105 1319 4197; baseline 0.003 -30"><span class='ocrx_word' id='word_1_294' title='bbox 276 4131 371 4197; x_wconf 71' lang='lat' dir='ltr'><strong>quem</strong></span> <span class='ocrx_word' id='word_1_295' title='bbox 389 4105 478 4168; x_wconf 84' lang='lat' dir='ltr'><strong>uobis</strong></span> <span class='ocrx_word' id='word_1_296' title='bbox 493 4106 632 4186; x_wconf 89' lang='lat' dir='ltr'><strong>reliquit,</strong></span> <span class='ocrx_word' id='word_1_297' title='bbox 652 4109 768 4190; x_wconf 75' lang='lat' dir='ltr'><strong>ingenii</strong></span> <span class='ocrx_word' id='word_1_298' title='bbox 783 4107 861 4168; x_wconf 85' lang='lat' dir='ltr'><strong>fetus</strong></span> <span class='ocrx_word' id='word_1_299' title='bbox 879 4109 1005 4174; x_wconf 85' lang='lat' dir='ltr'><strong>duriore</strong></span> <span class='ocrx_word' id='word_1_300' title='bbox 1022 4107 1148 4172; x_wconf 79' lang='lat' dir='ltr'><strong>fortuna</strong></span> <span class='ocrx_word' id='word_1_301' title='bbox 1166 4110 1319 4172; x_wconf 86' lang='lat' dir='ltr'><strong>conflicta·</strong></span> 
     </span>
    </p>
   </div>
   <div class='ocr_carea' id='block_1_12' title="bbox 0 0 1470 4644">
    <p class='ocr_par' dir='ltr' id='par_1_12' title="bbox 0 0 1470 4644">
     <span class='ocr_line' id='line_1_40' title="bbox 0 0 1470 4644; baseline 0 0"><span class='ocrx_word' id='word_1_302' title='bbox 0 0 1470 4644; x_wconf 95' lang='lat' dir='ltr'><strong> </strong></span> 
     </span>
    </p>
   </div>
  </div>
 </body>
</html>
