2930 4644
344 368 406 432 na
429 365 546 434 s1a11
570 331 683 428 vrri
709 357 769 428 ar
792 359 1024 430 cenurua.
1141 373 1204 460 429

167 507 350 586 neminisse,
359 511 488 593 siquum
499 509 585 592 prius
597 528 690 591 quarn
702 507 736 568 in
745 519 898 568 senectute
908 509 1046 570 animum
1054 509 1092 572 ad
1100 516 1205 596 poesin

166 591 394 678 adpulisset(r),
409 609 478 658 tum
494 594 621 657 feliciori
636 614 701 655 aevo
716 595 744 654 ei
760 595 844 656 nasci
855 595 1032 676 contigisset.
1044 599 1206 677 Quacum.

166 681 269 758 quein
282 703 317 744 eo
328 685 494 768 vituperari
505 696 646 768 possunt,
662 703 679 742 e
694 680 787 742 seculi
800 681 872 742 vitio
886 684 991 758 traxit,
1005 685 1088 767 quod
1101 689 1206 751 verbo·

167 785 237 826 rum
256 769 408 848 ubertate,
430 785 459 832 et
478 769 724 854 amplificandis,¹
736 769 931 846 exornandis,
951 773 1155 858 augendisque
1174 779 1208 840 in

166 854 314 919 miracula
326 859 415 921 rebus
426 861 560 920 maxime
570 857 787 920 delectabatur.
800 859 844 918 Eo
857 857 1015 941 justiorem
1026 879 1149 943 quoque
1161 886 1208 925 ex·

166 945 354 1006 cusationem
365 945 471 1022 babet,
486 967 585 1028 quum
597 967 637 1007 ne
649 944 886 1028 prestantissimi
899 944 1027 1028 quidem
1037 949 1208 1031 scriptores,

167 1030 327 1115 Polybius,
339 1038 426 1098 Maro
438 1038 544 1114 etalii,
558 1037 704 1098 orationis
714 1036 868 1096 luxuriem
881 1034 1112 1120 Rhetorumque
1123 1061 1211 1124 argu-

165 1119 221 1180 tias
231 1135 262 1182 et
273 1123 487 1208 loquacitatem
502 1127 573 1187 satis
586 1125 759 1186 vitaverint.
776 1125 844 1184 Huc
860 1121 993 1200 adcedit,
1010 1125 1093 1207 quod
1104 1128 1209 1191 miser·

165 1207 244 1269 rima
261 1225 306 1272 e'st
322 1215 457 1276 conditio
474 1227 584 1298 poetas,
603 1214 653 1274 cui
671 1234 706 1274 ea
723 1213 892 1274 imitatione
910 1213 1106 1296 exprimenda
1123 1231 1210 1295 sunt,

164 1299 307 1382 quaejam
322 1304 374 1364 alii
391 1317 462 1366 ante
474 1325 546 1365 eum
557 1317 621 1364 tam
636 1315 743 1364 ornate
758 1323 794 1363 ac
810 1301 956 1385 praeclare
971 1300 1127 1380 dixerunt,
1145 1320 1210 1368 uta

165 1389 290 1451 nemine
306 1390 366 1452 alio
382 1393 490 1454 melius
505 1392 566 1452 dici
583 1390 714 1474 possint3
730 1389 845 1472 quique
861 1390 895 1449 in
912 1387 1013 1450 nullas
1028 1389 1092 1451 fere
1107 1412 1211 1456 rerum

167 1471 264 1552 ideas,
282 1479 430 1560 imagines
448 1494 478 1541 et
495 1478 672 1554 sententias,
691 1479 724 1537 in
743 1476 830 1538 nulla
848 1475 1062 1559 phantasmata
1082 1492 1112 1540 et
1132 1481 1211 1544 dicta
1256 1547 1257 1550 ,

168 1556 302 1623 incidere
316 1577 428 1646 potest,
443 1588 513 1648 quae
528 1586 591 1626 non
608 1585 740 1646 magnus
755 1563 865 1647 aliquis
881 1577 968 1646 poeta
984 1564 1104 1627 dudum
1122 1589 1211 1630 occu·

168 1650 286 1727 paverit
294 1651 344 1732 (α)
363 1653 431 1736 lpsa
450 1653 581 1736 denique
598 1653 687 1728 vitia,
705 1672 775 1733 quae
790 1651 921 1712 carmini
939 1651 1059 1728 insunt,
1076 1674 1140 1716 uon
1159 1657 1212 1718 ob-

169 1749 264 1811 stant,
275 1759 337 1818 quo
348 1742 451 1802 minus
463 1741 539 1803 illud
552 1741 649 1823 pluris
660 1738 875 1800 eadmundum
889 1739 940 1814 sit,
952 1759 1045 1820 quarn
1060 1744 1212 1822 permulta

169 1821 227 1882 alia
244 1829 604 1912 antiquitatisnostrique
624 1828 680 1889 aevi
699 1829 825 1910 scripta,
841 1847 910 1909 quae
923 1827 1052 1888 subinde
1065 1831 1148 1912 prelo
1164 1855 1212 1896 ex-

170 1912 340 1994 cuduntur,
363 1934 392 1980 et
415 1921 448 1980 in
469 1919 613 1980 manibus
635 1914 800 1978 hominum
822 1929 991 1977 versantur.
1015 1918 1106 1978 Poeta
1129 1923 1213 1984 enim

169 2001 310 2084 pluribus
325 2029 360 2069 ea
375 2010 540 2071 virtutibus
554 2007 779 2090 compensavit:
798 2005 908 2088 quidni
926 2005 1030 2086 itaque
1044 2007 1078 2068 iu
1095 2005 1144 2068 his
1160 2011 1213 2072 ad·

168 2091 323 2172 quiescas?

208 2179 246 2239 lu
257 2183 395 2244 carmine
405 2183 517 2244 Siliano
528 2196 573 2245 tot
583 2184 649 2244 loca
662 2179 821 2265 praeclara,
838 2180 1000 2263 elegantia,
1017 2181 1172 2263 ingeniosa
1184 2200 1214 2247 et

168 2265 327 2346 sublimia,
339 2283 384 2332 tot
395 2272 529 2333 melioris
541 2293 624 2333 venae
635 2271 759 2352 vestigia
771 2269 980 2351 reperiuntur,
993 2282 1027 2328 nt
1044 2269 1213 2352 plurimum

168 2370 313 2436 superent
326 2379 375 2434 ea,
391 2381 460 2440 quae
476 2361 694 2442 vituperamus.
711 2355 851 2416 Elocutio
868 2356 1027 2437 oratioque
1043 2359 1171 2438 poetica,
1190 2362 1215 2422 si

169 2441 341 2506 ubertatem
352 2449 530 2524 verborum,
542 2468 611 2529 quae
622 2467 676 2506 uec
687 2445 752 2525 ipsa
764 2444 865 2504 ubivis
876 2443 1025 2526 displicet,
1039 2458 1070 2504 et
1081 2467 1130 2522 ea,
1144 2469 1214 2530 qua

171 2529 229 2612 ipsi
241 2544 313 2592 aetas
327 2535 486 2618 adspersit,
496 2555 627 2617 quaeque
638 2533 799 2592 admonitu
811 2531 912 2590 idonei
924 2533 1116 2614 praeceptoris
1127 2533 1216 2598 facile

173 2617 264 2676 vitari
287 2636 430 2702 possunt,
450 2623 613 2704 exceperis,
634 2633 713 2680 tersa
735 2631 793 2693 est,
816 2630 911 2691 casta,
931 2636 1010 2697 pura
1032 2631 1062 2675 et
1081 2617 1215 2700 elegans,

174 2725 357 2789 prorsusque
367 2709 406 2770 ad
418 2712 534 2793 epicam
551 2708 731 2790 gravitatem
746 2719 776 2766 et
790 2704 910 2786 Virgilii
925 2703 1080 2786 exemplar
1094 2727 1216 2792 compo.

174 2795 248 2856 sita:
274 2799 404 2860 undeet
424 2799 511 2861 lectio
530 2799 594 2882 ejus
614 2799 654 2860 ad
675 2800 834 2858 Maronem
856 2797 963 2856 rectius
983 2794 1217 2878 intelligendum

175 2883 347 2968 plurimum
358 2888 496 2951 conform
506 2901 606 2973 potest
613 2889 664 2969 (3).
675 2886 815 2948 Narratio
825 2898 943 2960 autem,
959 2884 983 2944 si
995 2903 1058 2944 non
1070 2885 1102 2946 iu
1115 2888 1217 2970 singna

211 3096 251 3168 (ι)
260 3099 371 3150 Vossius
383 3099 417 3152 de
426 3099 519 3152 histor.
531 3096 577 3150 lat.
588 3101 613 3164 l,
625 3116 672 3169 29:
718 3097 749 3150 Τ.
762 3098 788 3162 l,
798 3115 825 3168 p.
840 3093 887 3161 23,
899 3091 962 3146 edit.
974 3104 1042 3145 nost.
1057 3091 1113 3146 liae
1125 3107 1215 3167 optati

180 3175 269 3230 elllud
280 3180 485 3250 etiam,inquit,
497 3180 614 3252 cogitare
624 3197 673 3231 nos
722 3175 860 3229 00mnin0
871 3172 950 3226 velim
963 3170 1026 3224 mibi
1041 3171 1155 3246 aliquem
1170 3174 1217 3228 du-

177 3269 360 3330 oportet,non
368 3258 675 3331 aprimaseadolescen·
719 3255 755 3322 ri,
768 3255 814 3326 qui
826 3273 841 3306 a
852 3252 908 3308 Silii
922 3249 1019 3318 Italici,
1029 3252 1127 3306 Valerii
1137 3255 1216 3308 Flac-

178 3339 214 3391 tia
221 3337 284 3391 haic
291 3339 380 3391 studio
388 3339 506 3401 dedisse,
515 3335 561 3391 sed
566 3340 622 3407 jam
629 3354 675 3390 an·
720 3335 757 3400 ci,
769 3335 844 3388 Statii
856 3345 883 3386 et
891 3333 1003 3393 Lucani,
1014 3332 1178 3406 Ausoniique
1190 3350 1218 3388 et

177 3417 224 3470 nis·
234 3437 342 3491 gravem
360 3431 441 3490 atque
460 3425 536 3471 aetate
551 3417 676 3490 langues-
719 3412 861 3467 Claudiani
872 3413 987 3464 lectione
996 3430 1088 3466 recena
1100 3415 1218 3469 studium

178 3511 295 3550 centem:
308 3501 385 3550 itaut
397 3497 675 3552 difficileourninofo-
719 3511 797 3546 auum
807 3492 842 3546 ad
851 3492 988 3564 Virgilium
1002 3498 1149 3546 convertat!
1162 3514 1217 3550 non

180 3588 232 3639 ret,
243 3590 299 3630 tum
309 3579 414 3633 demum
425 3578 541 3646 discere,
551 3597 605 3651 quo
615 3596 676 3650 pao·
707 3589 749 3636 ,ut
758 3575 801 3629 ille
810 3576 871 3629 loca
881 3571 976 3637 similia
986 3587 1012 3627 et
1022 3575 1150 3646 parallelo
1162 3579 1218 3632 ina·

180 3667 207 3706 to
217 3655 285 3710 liber
294 3658 499 3732 praecipitandus
509 3661 543 3712 sit
552 3659 675 3730 spiritus,
720 3657 748 3707 ni
757 3673 787 3707 ac
798 3674 866 3707 vana
873 3653 1018 3706 ambitione
1028 3668 1166 3727 congerat;
1174 3677 1218 3712 ve.

182 3736 220 3787 sic
231 3749 260 3786 nt
272 3737 467 3807 quodammodo
477 3740 576 3792 furenti
587 3739 674 3791 animo
720 3747 868 3806 rumpoata
876 3733 1181 3808 illi,quoaadVirgilium
1189 3757 1218 3794 ae

181 3817 319 3868 ratimnari
329 3817 450 3882 ridearis,
461 3843 472 3868 ι
720 3817 901 3886 composuisse
909 3827 979 3866 totos
987 3817 1154 3870 manifestum
1165 3834 1218 3890 est,

217 3893 257 3964 (a)
266 3895 344 3948 Conl.
355 3897 486 3952 nlwolf.
494 3897 530 3950 ad
537 3897 674 3950 Demostb.
720 3893 784 3946 dum
794 3911 848 3944 non
858 3893 938 3945 modo
949 3895 976 3944 in
984 3896 1129 3947 carminum
1139 3901 1220 3951 ratio·

183 3987 254 4026 oret.
267 3973 327 4027 adv.
339 3976 489 4046 leptinem,
500 3977 601 4050 proleg.
614 3995 676 4050 pag.
721 3985 788 4026 neet
798 3970 901 4040 ordine,
909 3989 999 4024 verunt
1007 3974 1035 4024 in
1044 3975 1102 4045 ipsa
1111 3993 1219 4047 quoque

185 4053 307 4120 Stimlo.
641 4085 662 4098 ·⁴
722 4051 923 4120 elocutione,in
936 4053 1045 4127 singulis
1056 4055 1174 4107 versibus
1187 4073 1219 4107 ac

219 4130 259 4206 (3)
271 4131 326 4188 Cel.
338 4132 465 4204 lleynein
475 4133 548 4185 Praei.
562 4131 597 4186 ad
605 4133 678 4206 Virg.
722 4131 832 4202 verbis,
842 4134 987 4207 exprimere
1002 4149 1061 4186 eam
1082 4131 1219 4206 laborant,
