2930 4644
399 375 462 442 DE
484 373 603 442 Slbll
626 369 827 437 VITA'ET
849 371 1080 440 eruntne.
1201 379 1259 457 lat

82 549 92 568 t
154 519 162 538 ⁸
219 507 349 589 lbeseo,
361 513 505 590 Hercule,
519 511 739 586 Amazonibus,
751 511 1031 613 Argonautisgttot
1040 513 1108 575 aliis
1119 511 1265 582 heroibus

221 612 332 679 gestas,
347 622 466 662 summa
480 601 545 684 jam
560 613 626 661 arte
639 599 863 660 tractaverant?
877 599 942 660 Hac
955 613 1056 682 itaque
1070 602 1121 660 via
1137 601 1264 692 aiguasi

221 689 383 768 praeclusa,
398 692 490 751 satius
504 691 561 774 ipsi
573 689 746 764 videbatur,
760 688 853 749 aliam
866 688 999 771 ingredi,
1017 710 1085 771 quae
1102 688 1265 772 largiorem

220 772 319 837 laudis
331 779 542 862 comparandae
555 799 681 839 messem
692 779 896 861 promitteret,
912 789 942 839 et
957 778 1094 862 exemplo
1107 791 1265 861 poetarum

221 861 432 926 Romanorum
452 880 669 948 argumentum
689 865 851 940 carminis,
871 887 907 926 ex
927 867 1024 948 patria
1044 863 1169 926 historia
1189 867 1266 948 peti-
1324 885 1332 908 ¹

221 961 304 1026 tum,
328 954 573 1037 circumspicere,
595 951 678 1036 quod
700 952 739 1014 ad
762 952 881 1014 animos
903 952 1102 1036 popularium
1124 953 1267 1035 inprimis

220 1044 403 1120 movendos,
419 1058 448 1106 et
459 1045 675 1119 admiratione,
689 1043 827 1104 sensibus
838 1045 992 1124 generosis
1003 1043 1156 1124 variisque
1168 1043 1267 1104 adfec-

219 1127 303 1190 tibus
324 1131 508 1194 imbuendos
527 1133 597 1192 satis
615 1133 763 1192 momenti
781 1130 916 1192 baberet.
937 1132 1005 1214 lpsa
1024 1151 1128 1192 rerum
1142 1144 1267 1206 natura,

219 1221 344 1300 poeticas
357 1223 526 1284 narrationi
544 1223 716 1306 aptissima,
734 1221 886 1282 invitabat
900 1242 971 1282 eum
987 1220 1026 1282 ad
1042 1220 1160 1282 bellum
1174 1220 1268 1283 Puni·

218 1327 292 1368 cum
312 1311 481 1372 secundum
497 1313 633 1374 renibus
648 1311 880 1395 exponendum,
898 1310 984 1392 cujus
1002 1307 1161 1370 historiam
1180 1329 1197 1368 a
1216 1309 1268 1368 Sa·

219 1400 309 1476 grmti
328 1399 558 1482 obpugnatione
576 1421 672 1482 usque
691 1399 729 1460 ad
751 1400 899 1483 Scipionis
919 1399 1053 1460 Africani
1071 1395 1268 1480 triumphum

220 1499 371 1564 pertexere
382 1501 510 1550 conatus
521 1501 574 1549 est.
585 1486 675 1566 Quod
685 1499 780 1569 poetae
791 1485 956 1548 consilium
968 1487 1032 1568 ipso
1044 1485 1179 1547 carmine
1190 1483 1268 1566 ejus·

220 1591 282 1652 que
302 1574 391 1635 initio
409 1575 597 1650 declaratur,
616 1588 651 1634 ut
669 1588 785 1635 taceam
804 1573 843 1634 de
860 1574 1071 1657 inscriptione,
1089 1575 1269 1634 Punicorum

221 1655 302 1733 libri,
314 1680 409 1742 quam
423 1663 515 1725 codex
527 1665 682 1724 Puteanus
694 1676 723 1724 et
734 1673 858 1723 vetustae
870 1662 1017 1722 editiones
1028 1681 1091 1744 pne
1106 1679 1137 1720 se
1149 1659 1269 1734 ferunt,

221 1747 304 1828 quod
320 1763 447 1813 testatur
458 1753 494 1812 N.
507 1752 649 1813 Heinsius
660 1765 690 1812 et
703 1753 828 1834 probat,
841 1772 940 1833 quum
954 1751 1094 1812 similiter
1107 1749 1271 1832 Καρχηδόνιοι

222 1837 380 1919 appianus
400 1835 624 1902 Alexandrinus
644 1841 829 1923 inscripserit
849 1839 979 1915 librum,
998 1861 1062 1922 quo
1078 1837 1194 1910 bellum
1210 1835 1270 1898 boc

222 1929 403 1988 recensuerit
417 1949 488 1988 cum
505 1927 628 2010 reliquis
644 1928 764 1992 duobus
781 1929 920 2002 Punicis,
940 1929 994 1988 etsi
1011 1941 1041 1988 et
1051 1925 1115 2008 ejus
1131 1915 1272 1985 Ᾰννιὸαῖκὰ

220 2013 488 2078 circumferantur,
502 2019 639 2096 Quinam
654 2016 761 2079 titulus
772 2017 903 2078 carmini
921 2017 954 2077 in
969 2018 1073 2078 ceteris
1084 2015 1272 2078 membranis

219 2099 362 2182 praefixus
377 2106 430 2180 sit,
446 2125 538 2168 nemo
550 2127 671 2180 eorum,
686 2106 741 2187 qni
753 2103 820 2166 illas
838 2105 995 2180 viderunt,
1014 2106 1151 2178 notavit3
1171 2123 1271 2184 neque

219 2192 317 2273 magis
326 2207 460 2272 constat,
473 2215 535 2278 quo
546 2195 674 2256 nomine
687 2195 751 2278 ipse
763 2206 871 2256 auctor
882 2215 958 2278 opus
971 2215 1062 2256 snum
1076 2193 1270 2275 inscripserit.

218 2281 311 2359 Quod
321 2297 423 2351 tamen
438 2285 513 2346 scire
523 2305 588 2346 non
603 2285 738 2346 multum
749 2284 888 2360 interest,
899 2305 998 2366 quum
1010 2306 1045 2346 ex
1053 2285 1119 2366 ipso
1133 2295 1270 2366 meinata

133 2383 138 2394 '
219 2371 297 2430 ratio
321 2385 351 2432 et
375 2372 494 2436 indoles
517 2373 581 2456 ejus
603 2375 675 2436 satis
702 2387 911 2456 cognoscatur.
938 2372 1096 2434 Gravioris
1118 2371 1269 2433 momenti

219 2461 345 2540 quaestio
364 2475 422 2539 est,
440 2477 547 2524 utrum
563 2484 656 2525 omne
670 2475 888 2546 argumentum
902 2463 1045 2524 carminis
1059 2483 1129 2522 cum
1141 2460 1269 2542 singulis

218 2548 282 2628 ejus
293 2552 433 2632 partibus
444 2552 483 2614 ad
495 2565 609 2614 mentes
620 2551 824 2614 admiratione
837 2572 901 2612 non
916 2552 981 2612 sine
996 2551 1152 2633 voluptate
1165 2563 1270 2614 tenen-

221 2635 274 2696 das
286 2639 550 2701 accommodatum
562 2641 614 2716 sit,
627 2639 764 2723 adeoque
779 2639 924 2715 oonsilio,
939 2639 1022 2722 qnod
1034 2637 1160 2698 cuilibet
1170 2651 1267 2720 poetae

222 2728 416 2806 propositum
427 2748 490 2790 esse
499 2727 620 2804 debeat,
632 2727 816 2810 respondere
827 2726 979 2801 videatur,
990 2747 1031 2786 an
1039 2723 1191 2806 judicium
1203 2721 1270 2784 Silii

221 2813 256 2874 in
267 2813 330 2895 ejus
341 2815 459 2878 delectu
473 2817 637 2878 desiderari
648 2817 761 2900 possiti
774 2817 924 2878 Omnium
935 2837 1006 2877 vero
1017 2827 1191 2897 temporum
1203 2833 1269 2874 mo·

221 2904 366 2966 nimentis
382 2906 432 2968 vix
451 2906 536 2968 aliud
554 2907 725 2968 celebratur
742 2905 875 2984 bellum,
896 2905 1069 2988 quodcum
1089 2904 1205 2964 Punico
1224 2923 1268 2963 se-

221 2993 325 3055 cundo
337 2994 469 3058 conferri
481 2998 587 3080 possit,
603 2998 664 3060 sive
674 3009 841 3073 terrarum,
857 3016 927 3080 quar
939 2995 994 3057 illo
1006 3007 1160 3069 arserunt,
1173 2993 1270 3054 diver·

220 3080 352 3159 sitatem,
363 3084 425 3145 sive
434 3084 654 3168 periculorum,
663 3105 854 3168 pugnarum,
864 3083 1051 3160 facinorum,
1060 3082 1268 3156 obsidionum,

219 3172 938 3258 expugnationum,itinerum,strategematum,
947 3172 1107 3248 laborum,
1118 3169 1267 3233 cladium·

218 3279 279 3340 que
297 3259 543 3339 multitudinem,
560 3263 736 3324 varietatem
753 3275 844 3345 atque
858 3261 1120 3344 magnitudinem,
1134 3261 1195 3322 sire
1212 3280 1267 3319 an·

142 3357 147 3365 '
218 3367 346 3424 norum,
369 3369 423 3431 per
440 3369 516 3432 quos
534 3350 646 3427 tenuit,
665 3371 845 3426 numerum,
864 3349 925 3412 sive
944 3349 1059 3410 ducum
1077 3349 1221 3408 virtutem
1238 3359 1268 3407 et

219 3455 280 3510 res,
295 3435 342 3496 vel
361 3435 521 3519 praeclare,
539 3436 588 3497 vel
602 3459 762 3522 perperam
779 3437 819 3498 ab
838 3439 874 3498 iis
892 3451 1003 3520 gestas,
1021 3438 1083 3498 sive
1100 3447 1267 3499 eventuum

220 3521 354 3605 denique
371 3525 508 3609 copiam,
526 3525 675 3587 miracula
692 3541 721 3586 et
736 3527 918 3608 gravitatem
935 3525 1090 3608 respicias,
1102 3525 1170 3584 Hoc
1188 3519 1267 3584 bello

220 3605 324 3685 finito,
338 3631 384 3672 res
397 3613 535 3672 Romana
547 3611 585 3672 ad
600 3625 700 3674 tantas
712 3631 784 3696 opes
794 3623 974 3694 unumque
988 3611 1108 3693 imperii
1123 3607 1266 3691 amplitu-

221 3693 326 3755 dinem
346 3713 528 3776 excrererat,
553 3713 587 3760 ut
602 3698 668 3782 jam
690 3699 774 3760 mole
795 3697 948 3762 laboraret
971 3719 1035 3760 sua.
1058 3699 1145 3774 Quot
1166 3698 1267 3779 itaque

222 3797 413 3868 quantosque
432 3801 533 3850 motus
555 3785 622 3850 brec
641 3799 800 3850 tantarum
822 3807 926 3848 rerum
945 3785 1087 3862 historia,
1112 3799 1141 3846 et
1162 3787 1267 3868 priscae

222 3872 355 3948 virtum,
377 3873 562 3960 discipline,
582 3897 766 3960 morumque
785 3877 934 3960 imagines
953 3877 1092 3938 excitasse
1109 3875 1266 3938 censenda

223 3961 339 4021 suntin
352 3963 461 4024 animis
472 3965 699 4043 Romanorum,
712 3968 749 4028 iis
759 3959 946 4051 temporibus
957 3965 1141 4041 viventium,
1157 3965 1269 4044 quibus

222 4047 364 4124 avaritia,
381 4047 470 4110 luxus
483 4054 647 4136 omniaque
660 4067 725 4115 tam
739 4055 884 4137 publicae,
899 4075 993 4136 quam
1006 4055 1131 4137 privasse
1143 4069 1269 4128 corrup·

221 4133 288 4196 sele
309 4155 437 4221 genera,
458 4139 568 4202 manus
587 4141 783 4224 corporisque
799 4144 877 4204 vires
899 4137 1071 4223 fregerant?
1093 4133 1207 4218 quibus
1224 4145 1270 4194 tot
