2930 4644
359 398 422 465 on
444 395 563 463 sinu
586 393 702 458 vira
725 389 787 457 ΕΤ
811 391 1044 460 canutus.
1158 392 1228 480 ⁴445

173 561 231 616 -sa,
249 559 318 622 quae
333 535 652 623 vulgo,.obtinebant,
671 533 762 594 verba
782 532 943 593 substituta
960 534 1094 598 fuednt:
1113 551 1181 600 tum
1196 555 1231 601 ut

181 630 375 691 decantatam
387 643 417 688 et
426 626 572 688 omnibus
586 624 776 684 notissimam
789 622 853 682 Silii
865 623 1064 685 imitationem
1076 626 1232 688 Maronia·

182 738 256 776 nam
275 718 444 778 accuratius
461 715 718 774 demonstrarem:
739 724 807 768 turn
826 707 972 790 denique,
992 723 1025 770 ut
1043 711 1108 772 loca
1126 713 1232 776 obscu-

183 807 279 880 riora,
296 825 367 888 quae
385 806 497 864 tirones
515 801 604 862 facile
623 799 735 860 morari
755 813 877 879 possent
893 797 997 879 (aeque
1013 803 1096 860 enim
1112 823 1233 882 eorum,

181 913 278 974 quam
297 894 473 976 principum
494 894 527 950 in
547 887 594 949 liis
615 888 709 949 literis
728 887 867 946 virorum
887 887 1038 946 rationem
1056 885 1232 953 habendam

182 1003 245 1044 esse
256 985 422 1044 arbitratus
433 1001 501 1042 sum
508 983 534 1061 ),
546 979 666 1040 clariori
678 977 746 1037 luce
757 973 987 1058 perfunderem.

222 1073 344 1133 Possem
355 1092 455 1145 nunc,
475 1073 520 1130 mi
536 1073 659 1142 lector,
675 1067 714 1126 ad
731 1068 832 1148 ipsum
850 1078 972 1148 poetam
988 1064 1190 1128 evolvendum
1206 1085 1236 1132 te

182 1161 348 1236 dimittere,
366 1163 423 1221 nisi
438 1159 511 1221 data
526 1158 586 1219 bac
601 1159 773 1231 occasione,
791 1155 906 1238 publici
919 1155 997 1236 juris
1012 1155 1152 1218 facienda
1169 1180 1238 1220 cen-

183 1271 292 1326 serem,
313 1269 381 1332 quae
401 1270 500 1333 nuper
520 1248 560 1308 ad
579 1245 738 1308 difficilem
757 1245 820 1304 Silii
842 1245 944 1306 locum
963 1245 1015 1304 lib.
1035 1246 1094 1322 lll,
1113 1269 1142 1306 v.
1164 1249 1238 1330 3953
1346 1295 1348 1304 ,

183 1352 331 1421 praesente
348 1340 512 1413 Newtono,
531 1339 628 1397 Annae
642 1336 768 1416 Magna
784 1335 952 1394 Britanniae
968 1335 1092 1416 lleginae
1109 1338 1237 1419 Legato,

184 1427 304 1510 publice
320 1427 457 1510 praelegit
473 1428 625 1486 Antonius
640 1425 742 1484 Maria
757 1424 921 1498 Salvinius,
939 1425 1119 1484 Graecarum
1137 1427 1236 1488 litera·

184 1534 256 1574 rum
265 1514 426 1574 Florentia
441 1511 609 1586 Professor,
621 1531 743 1572 mecum
753 1531 825 1570 vero
836 1515 1075 1573 communicavit
1088 1515 1239 1579 Henricus

185 1601 438 1677 Brenkmannus,
465 1623 501 1662 ex
523 1622 574 1662 ore
593 1599 675 1660 illius
693 1613 830 1680 excepta,
851 1600 977 1682 quibus,
998 1623 1068 1684 quae
1086 1604 1238 1669 illustriss.

185 1681 328 1754 Heinsius
351 1692 390 1752 ad
414 1691 557 1752 eumdem
580 1690 684 1751 locum
707 1691 840 1764 notavit,
864 1693 983 1772 egregie
1004 1692 1239 1758 confirmantur,

181 1783 287 1846 ¹Verba
298 1782 361 1843 Silii
374 1780 440 1842 baec
451 1792 540 1857 sunt,
622 1805 624 1808 ·

326 1925 362 1975 At
370 1913 497 1974 Nebrissa
506 1921 646 1994 Dionyseis
657 1923 767 1974 conscia
776 1919 888 1994 thyrsis,

325 2005 413 2072 Quam
423 2003 510 2077 Satyri
520 2002 629 2055 coluere
639 2002 725 2070 leves,
734 2001 913 2074 redimitaque
923 2019 999 2060 sacra

325 2083 444 2152 Nebride
454 2098 481 2137 et
489 2085 610 2136 Hortano
621 2083 721 2136 Menas
731 2095 863 2136 nocturna
872 2085 959 2157 Lyaeo.

185 2237 231 2299 dd
242 2257 312 2320 quae
328 2238 371 2296 ita
387 2234 537 2296 salvinius
551 2258 558 2293 :
578 2233 750 2296 «Nebrissae
762 2235 936 2317 Hispanicae
952 2235 1036 2296 urbis
1051 2248 1177 2319 etymon
1194 2260 1240 2301 os·

186 2328 382 2389 «tentatione
397 2324 534 2406 quadam
549 2322 729 2384 eruditionis
747 2326 903 2406 ingeniosa
916 2347 952 2386 ac
963 2329 1080 2408 poetica
1092 2327 1180 2390 Silius
1191 2353 1240 2392 ar·

186 2443 201 2476 ιι
213 2419 298 2478 cessit
309 2437 328 2475 a
340 2415 474 2487 Graecia,
489 2415 592 2495 quasi,
605 2415 682 2474 sicut
698 2415 841 2472 omnium
857 2413 1083 2491 doctrinarum,
1100 2416 1152 2477 illa
1167 2441 1241 2501 quo-

188 2530 202 2561 ιι
214 2524 274 2585 que
290 2504 432 2563 omnium
447 2500 627 2580 linguarum
644 2520 755 2582 parens
771 2513 863 2582 atque
876 2499 966 2560 altrix
977 2500 1080 2562 fuerit.
1094 2504 1240 2568 Nebrissa

188 2617 202 2649 ιι
215 2594 310 2673 igitur
321 2609 434 2650 nomen
445 2610 464 2648 a
474 2586 605 2648 Nebride
616 2586 647 2647 h.
658 2607 683 2648 e.
695 2586 819 2648 hinnuli
832 2601 886 2648 aut
897 2589 997 2650 damae
1014 2592 1168 2654 maculosa
1183 2595 1242 2676 pel-

188 2705 203 2736 ιι
215 2678 256 2754 le,
265 2678 392 2751 derivat,
404 2697 466 2758 qua
475 2675 620 2736 Menades
633 2695 685 2736 seu
695 2675 830 2751 Bacchae,
841 2689 1002 2759 tamquam
1014 2680 1156 2741 animalis
1164 2682 1243 2764 pelle

189 2765 334 2830 abaccbo
355 2767 470 2841 dilecti,
491 2764 616 2825 dorsum
640 2784 676 2825 ac
697 2779 790 2847 caput
810 2766 996 2847 operiebant.
1021 2771 1111 2829 Sacra
1133 2771 1242 2834 Bacchi

189 2884 205 2916 ιι
217 2868 370 2920 nocturna
381 2857 451 2937 quis
467 2852 580 2916 nescit?
595 2856 632 2915 In
649 2856 698 2929 iis,
714 2876 784 2936 quae
800 2856 894 2936 Orgia
910 2855 1017 2934 (credo
1033 2880 1051 2918 a
1064 2863 1202 2921 numinis
1212 2866 1243 2924 vi

190 2943 500 3025 “Bacchantiumque
514 2945 559 3003 ira
572 2964 607 3003 ac
617 2942 722 3003 furore
733 2942 1001 3025 adpellabantnr),
1016 2947 1114 3008 multa
1130 2969 1245 3012 arcana

190 3048 311 3119 eatque
326 3033 456 3094 infanda
474 3032 739 3115 perpetrabantur.
759 3035 1007 3116 Lampzacennm
1024 3035 1113 3096 illum
1129 3038 1242 3100 obscoe-

190 3152 205 3184 ιι
218 3145 296 3186 num
313 3123 420 3199 deum,
432 3141 526 3203 quem
537 3133 699 3203 tamquam
710 3123 811 3182 omnis
822 3125 971 3204 genitura
984 3126 1143 3206 presidem
1154 3149 1242 3192 vene·

190 3243 205 3274 u
218 3228 285 3278 rata
305 3213 454 3296 Priapum
476 3210 641 3294 adpellavit
664 3214 845 3293 antiquitas,
867 3213 1008 3275 eumdem
1032 3237 1105 3276 cnm
1127 3219 1244 3282 Baccho

192 3329 206 3360 ιι
218 3325 279 3365 esse
294 3302 458 3386 putabant.
475 3301 536 3362 Nec
552 3323 669 3362 novum
685 3314 744 3377 est,
761 3302 851 3384 plura
867 3305 998 3363 numina
1011 3306 1045 3364 in
1058 3326 1161 3366 unum
1172 3329 1243 3370 oon·

193 3392 307 3468 alerii,
322 3405 359 3453 ut
374 3391 477 3453 videre
491 3403 536 3452 est
552 3389 635 3473 apud
652 3389 859 3467 Macrobium,
876 3405 1014 3454 veterum
1026 3398 1246 3477 superstitionis
1315 3429 1318 3436 ·

190 3478 434 3561 «indagatorem
452 3480 702 3560 sagacissaimum.
719 3479 868 3561 Priapum
884 3481 1036 3541 novitium
1052 3503 1113 3542 ease
1129 3483 1246 3564 Deum,

193 3593 208 3624 ιι
219 3567 326 3629 Strabo
338 3569 395 3644 ait,
408 3580 592 3650 argumento
603 3565 681 3650 ejus,
694 3566 777 3648 quod
789 3567 873 3649 apud
886 3567 1068 3645 Hesiodum,
1085 3573 1140 3651 qui
1152 3571 1247 3636 Theo-

194 3657 347 3738 ugoniam
363 3656 557 3739 conscripsit,
575 3669 605 3716 et
622 3655 660 3715 de
677 3656 816 3716 Deorum
832 3656 925 3739 stirpe
940 3675 1082 3718 accurate
1097 3660 1190 3723 verba
1203 3663 1246 3727 le-

194 3771 210 3802 ιι
221 3746 277 3821 cit,
291 3745 329 3808 de
343 3746 456 3829 Priapo
468 3744 567 3806 altum
579 3744 737 3804 silentium
751 3757 813 3804 est:
828 3746 1033 3824 quamobrem
1045 3748 1248 3835 Geograpbus

197 3858 211 3889 ιι
223 3831 387 3911 Orthanae,
396 3833 574 3909 Gonissalo,
585 3831 727 3915 Tychoni
739 3831 867 3913 aliisque
878 3833 1027 3895 similibus
1039 3837 1123 3919 apud
1133 3839 1248 3905 Atticos

196 3921 281 3982 ediis
299 3923 428 3984 similem
447 3943 510 3984 esse
527 3923 731 4005 pronunciat,
750 3937 785 3980 ut
803 3919 936 4002 aliquid,
953 3924 1039 4004 quod
1059 3925 1146 3987 illum
1172 3951 1250 4011 quo·

197 4035 211 4066 ιι
224 4032 288 4092 quo
300 4012 394 4072 modo
407 4024 653 4094 repraesentaret,
665 4013 699 4072 in
711 4011 894 4092 antiquitate
908 4016 1047 4096 reperiat
1058 4015 1160 4076 Verba
1172 4019 1251 4078 Geo-

197 4123 212 4156 u
225 4098 337 4184 graphi
347 4117 420 4162 tunt
433 4123 450 4164 e
461 4103 541 4164 libro
553 4105 634 4163 Xlll.
647 4093 791 4184 Ᾰπνδεῖχθη
804 4105 818 4163 ὁ
832 4107 891 4172 ἑνὸς
902 4103 975 4173 οὗτος
985 4109 1037 4165 ἀπὸ
1047 4111 1098 4163 τῶν
1114 4111 1249 4186 νεωτέρων.

197 4192 290 4253 «otti
307 4195 355 4275 γὰρ
365 4179 482 4260 ¹llelodoe
499 4191 551 4252 olda
568 4199 700 4274 Πρίαπον,
719 4193 774 4253 ἀλλ’
789 4193 856 4254 losio
871 4202 925 4260 τοῖς
939 4183 1057 4260 ducante
1072 4183 1187 4272 (lpidsq,
1207 4217 1249 4274 aeq
