2930 4644
338 326 401 392 DE
424 323 540 392 SlLll
565 321 678 386 vtTA
702 319 764 385 ET
787 318 1018 386 CARMINE.
1137 325 1200 406 413

159 489 221 530 esse
233 481 263 528 et
274 469 485 530 fluctuantem.
497 466 592 549 Cujus
605 466 647 526 rei
662 465 752 547 culpa
765 466 973 546 postissimum
987 467 1019 526 in
1031 487 1068 528 eo
1080 469 1205 548 residet,

159 559 259 638 quod,
276 562 332 641 qui
344 567 506 641 tantopere
523 559 603 618 inter
614 577 645 616 se
659 553 845 637 discrepant,
860 568 925 614 non
941 553 1114 618 distinctam
1131 581 1205 622 con·

159 647 233 722 silii,
244 647 327 728 quod
338 662 484 730 sequutus
494 648 533 706 sit
541 646 645 720 Silius,
656 645 816 704 notionem
826 643 933 702 animo
944 643 999 702 sibi
1009 645 1206 727 informasse,

159 747 189 794 et
205 739 290 817 prius
306 739 489 798 sententiam
503 735 607 795 tulisse
620 733 778 808 videntur,
796 753 890 814 quam
905 731 952 791 vel
966 743 1067 793 totum
1082 757 1207 801 carmen

160 824 323 907 diligenter
335 827 479 908 legerint,
491 824 539 884 vel
550 823 614 906 ejus
625 822 762 884 indolem
777 824 847 882 satis
859 821 1016 901 cognitam
1029 820 1207 906 habuerint,

159 925 190 973 et
201 929 315 975 certam
327 917 544 976 constituerint
556 912 727 974 formulam
741 911 955 993 regulamque,
969 909 1007 970 ad
1020 931 1114 990 quarn
1127 914 1208 996 judi·

160 1001 206 1061 cia
218 1004 420 1084 exigerentur.
433 1005 513 1064 Hinc
525 1003 597 1063 Silio
613 1001 694 1062 idem
708 1001 853 1080 contigit,
865 998 950 1079 qnod
963 1000 1105 1077 Lucano,
1117 1005 1210 1064 simili

159 1103 268 1170 poetae,
289 1105 325 1150 ut
342 1092 434 1152 nimis
451 1089 631 1152 laudaretur
646 1089 686 1148 ab
707 1087 770 1162 his,
792 1100 822 1146 et
842 1086 1020 1168 culparetur
1035 1086 1075 1147 ah
1091 1087 1210 1171 illisu).

160 1178 431 1255 Quemadmodum
451 1195 555 1240 autem
570 1179 711 1240 virorum
727 1177 892 1238 doctorum
909 1177 1059 1236 sententia
1072 1177 1138 1259 jam
1154 1180 1210 1240 du·

159 1265 235 1326 dum
253 1289 291 1329 eo
309 1268 485 1341 inclinavit,
505 1279 541 1326 ut
562 1285 742 1347 persuasum
760 1264 819 1324 sibi
837 1262 1000 1338 haberent,
1020 1263 1212 1329 Pharsaliam

160 1376 226 1416 nou
240 1378 302 1417 esse
318 1359 469 1430 ὶποποιῖαν,
486 1354 537 1414 sed
549 1373 674 1414 carmen
690 1352 887 1426 historicum,
899 1352 985 1434 epico
1002 1357 1090 1433 quasi
1103 1355 1211 1418 habitu

160 1442 320 1518 indutum,
333 1444 506 1524 spirituque
515 1439 642 1500 heroico
652 1453 835 1521 conceptum
844 1440 900 1518 (a):
913 1441 956 1498 ita
968 1439 1050 1500 idem
1057 1441 1211 1524 judicium

160 1552 280 1613 semper
297 1534 404 1614 putavi
419 1529 597 1592 laciendum
613 1529 651 1588 de
668 1539 775 1590 nostro
793 1541 949 1610 poemate,
966 1529 1053 1612 cujus
1069 1553 1135 1594 non
1153 1534 1211 1594 dis·

160 1619 269 1681 similis
283 1621 362 1680 ratio
375 1632 435 1694 est,
448 1620 507 1678 nisi
526 1616 611 1699 quod
630 1617 726 1696 magis
744 1614 784 1675 ad
803 1615 941 1676 indolem
959 1618 1051 1698 epicae
1069 1640 1213 1699 poeseos,

158 1731 194 1770 ex
211 1731 274 1790 qua
290 1708 421 1769 deorum
440 1708 610 1768 ministeria
629 1705 751 1786 aliaque
770 1725 874 1764 rerum
893 1707 1103 1789 orationisque
1121 1731 1212 1771 orna·

158 1811 265 1860 menta
277 1819 312 1858 ac
324 1795 477 1859 lenocinia
494 1796 633 1856 videmus
647 1795 827 1878 depromta,
837 1792 1070 1856 conformatum
1084 1811 1142 1872 est,
1158 1802 1214 1860 mi·

158 1905 281 1966 nusque
293 1883 479 1945 adfectatum
493 1882 570 1943 illud
584 1882 809 1943 declamatorie
820 1881 962 1942 vanitatis
977 1902 1121 1960 acumen,
1133 1907 1214 1947 com-

159 1995 258 2038 mune
268 1973 360 2034 seculi
375 1973 457 2034 illius
472 1973 598 2047 vitium,
614 1970 746 2046 redolet,
760 1969 844 2051 quod
856 1983 1018 2051 tantopere
1030 1969 1166 2053 displicet
1178 1976 1212 2036 in

158 2065 302 2140 Lucano,
316 2075 464 2145 perpetuo
479 2061 697 2136 declamatore,
713 2063 782 2141 qui,
797 2058 880 2141 quod
895 2073 975 2119 recte
984 2059 1050 2142 jam
1063 2063 1212 2127 Burman·

158 2175 217 2214 nus
230 2153 360 2227 notavit,
371 2151 470 2212 ubivis
481 2150 592 2232 longas
603 2150 641 2210 de
654 2151 735 2216 vitiis
747 2163 802 2210 aut
813 2149 977 2208 virtutibus
989 2149 1212 2232 disputationes

157 2255 344 2324 argutasque
358 2239 618 2302 scholasticorum
631 2241 796 2300 sententias
812 2237 969 2313 infercire,
984 2253 1028 2315 et,
1040 2240 1094 2300 ubi
1106 2246 1212 2324 paucis

158 2330 330 2392 admodum
346 2330 446 2390 verbis
463 2351 526 2405 res,
543 2331 583 2389 ab
599 2328 659 2391 hoc
676 2328 723 2389 vel
741 2328 796 2388 illo
812 2341 927 2409 gestas,
944 2336 1212 2410 commemoravit,

160 2421 262 2480 statim
270 2432 451 2500 ‚tamquam
469 2421 502 2478 in
519 2419 677 2480 Porticum
695 2432 749 2478 aut
763 2418 960 2478 Academiam
976 2418 1015 2476 sit
1030 2419 1212 2496 translatus,

161 2507 389 2589 Philosophum
407 2527 497 2587 agere
515 2508 602 2567 solet.
621 2509 702 2566 Huic
720 2508 878 2566 sententiae
898 2518 928 2564 et
947 2491 1095 2587 poematis
1115 2512 1214 2570 nostri

162 2608 397 2694 argumentum,
411 2608 440 2654 et
456 2593 548 2677 hujus
561 2597 703 2656 tractatio
719 2595 897 2676 respondet,
912 2593 997 2674 quod
1009 2615 1045 2654 ex
1060 2594 1215 2658 solertiori

161 2682 294 2742 lectione
314 2682 409 2740 cuivis
430 2680 608 2763 adparebit,
627 2694 657 2741 et
678 2679 759 2740 infra
781 2680 922 2762 pluribus
943 2680 1215 2746 demonstrabitur.

164 2771 257 2850 Quod
273 2773 297 2832 si
311 2792 420 2830 verum
434 2785 493 2846 est,
507 2769 656 2832 habemus
673 2771 812 2852 regulam
829 2790 1051 2850 normamque,
1067 2771 1217 2853 adquam

111 2863 120 2881 '
161 2861 278 2946 judicia
302 2874 409 2921 nostra
436 2861 624 2942 dirigamus,
647 2873 676 2920 et
701 2859 790 2920 facile
817 2860 1012 2941 intelligitur,
1038 2860 1158 2923 nodum
1182 2865 1217 2924 in

165 2952 265 3033 scirpo
280 2969 416 3030 quaerere
431 2970 620 3031 operamque
640 2948 760 3024 ludere,
781 2951 836 3032 qui
855 2950 1122 3030 comparationem
1137 2952 1218 3012 inter

164 3039 275 3101 Silium
290 3037 517 3119 Virgiliumque
532 3040 712 3114 instituunt,
727 3039 896 3118 omniaque
912 3059 961 3112 ea,
978 3057 1046 3118 quae
1060 3038 1119 3097 viri
1133 3038 1217 3100 docti

164 3130 203 3191 de
217 3130 302 3212 poesi
316 3130 401 3210 epica
418 3141 558 3188 accurate
575 3150 610 3189 ac
626 3131 750 3211 copiose
771 3139 997 3210 praeceperunt,
1015 3125 1054 3186 ad
1072 3144 1217 3190 naturam

165 3218 437 3302 praestantiamque
451 3217 597 3276 carminis
611 3217 707 3277 nostri
721 3216 779 3275 rite
792 3213 1004 3275 aestimandam
1017 3214 1216 3278 transferunt.

166 3310 237 3386 Quo
256 3319 394 3389 spectant
412 3305 555 3388 inprimis
571 3327 622 3381 ea,
641 3327 709 3387 quae
727 3303 765 3364 de
783 3305 959 3386 argumenti
975 3303 1108 3380 delectu,
1129 3309 1216 3368 novi·

167 3411 241 3473 tate,
253 3395 392 3472 fictione,
405 3397 523 3457 unitate
535 3409 565 3455 et
577 3396 710 3471 ambitu,
724 3394 761 3455 de
772 3395 918 3477 temporis
933 3395 1046 3475 spatio,
1062 3415 1125 3475 quo
1140 3396 1216 3457 illud

169 3482 460 3566 comprehendatur,
477 3482 516 3542 de
532 3482 676 3544 carminis
692 3480 800 3557 heroe,
817 3501 910 3562 quem
926 3494 1039 3563 putant
1053 3502 1116 3541 esse
1132 3485 1216 3544 Hau·

176 3651 177 3654 ¹
204 3625 303 3697 (1)De
323 3631 566 3699 Lucano,praeter
586 3626 671 3694 alios,
717 3627 807 3680 Gesclr.
814 3625 1135 3680 dersclu'r'nenWissensch.
1147 3630 1217 3699 1264

172 3705 226 3760 vid.
239 3707 343 3759 Petron.
359 3707 413 3760 Sat.
429 3727 456 3778 p.
470 3727 508 3760 m.
524 3707 590 3770 213;
606 3707 670 3760 Sca·
715 3723 755 3776 sq.
750 3719 793 3757 et
803 3705 1010 3759 celeberrimum
1020 3705 1137 3772 Meusel,
1147 3708 1216 3761 Diss

172 3777 217 3850 lig.
235 3779 317 3846 Epist.
338 3779 368 3843 3,
386 3791 412 3830 et
431 3781 504 3832 Poet.
523 3777 575 3831 loc.
596 3781 669 3830 citat.
716 3783 758 3838 de
770 3786 888 3839 Lucani·
884 3784 1041 3845 Pharsalia,
1063 3785 1120 3838 Hal
1141 3791 1216 3859 1767

173 3857 318 3912 Burmanni
338 3816 441 3908 Pietas.
466 3857 499 3909 ed
521 3859 620 3910 Lucan.
646 3869 672 3910 et
716 3864 793 3932 Quos
811 3864 907 3932 libros,
926 3862 960 3915 ad
979 3863 1090 3916 similem
1110 3885 1218 3922 causam

172 3935 696 4002 vat.ttaee.1aPtarsatedeLucam‚
717 3955 884 4016 spectantes,
914 3931 1066 3996 contulisse
1085 3947 1220 4000 neminem

174 4015 412 4086 iradulleparM.
434 4015 672 4076 Mamonl0151ll.
717 4023 868 4094 poenitebit.

172 4098 289 4154 Meincrs
301 4093 674 4148 Grundrissslerl'leorieund
755 4103 794 4175 (a)
808 4103 885 4156 (loni.
899 4102 938 4154 ΙΙΙ.
952 4100 1079 4155 Meusell.
1094 4120 1116 4151 c.
