2930 4644
373 332 436 396 DE
459 332 578 398 SlLll
603 279 719 396 VITA¹
739 334 801 398 ΕΤ
825 335 1055 402 CARMINE.
1175 343 1238 424 455

197 467 376 547 Cumularis,
395 473 430 532 de
451 472 525 536 bello
543 477 657 538 Punico
676 475 799 537 secundo
818 476 898 538 Libri
910 482 1007 542 XVII.
1025 480 1240 566 Cbnstopborus

194 554 335 621 Cellnrius
350 568 503 640 succensuit,
523 578 549 626 et
568 569 655 641 notis,
674 580 703 627 et
719 566 825 627 tabulis
842 570 1050 652 qcopmpbicis,
1069 595 1105 636 ac
1121 576 1237 658 qemino

195 641 301 719 indice,
315 669 409 710 rerum
422 663 450 711 et
464 649 629 728 latinitatis,
646 653 808 716 illustrauit.

225 731 322 796 ‘Confi
336 739 426 800 Praef.
440 741 596 802 Drakenb.

678 836 762 913 1713.

232 959 322 1020 Lond.
335 963 398 1024 Fol.
412 967 443 1026 in
454 968 598 1028 Maittarii
612 991 741 1054 corpore
756 983 915 1054 poetarum
931 974 1123 1036 Latinorum.

677 1137 761 1198 ¹7¹7·

236 1237 359 1323 ttnjecst
371 1244 412 1304 ad
425 1245 556 1308 Rhenum
564 1294 573 1322 ,
587 1246 681 1325 inlu,
692 1249 773 1331 apud
786 1247 979 1310 Gnilielmum
997 1251 1065 1310 Van
1076 1248 1112 1308 de
1126 1251 1171 1310 W
1168 1263 1241 1320 ater,

191 1322 330 1390 Academ.
343 1333 476 1416 Typogr.
490 1337 554 1396 Caii
568 1334 635 1396 Silii
649 1335 744 1396 ltalici
755 1339 937 1398 Punicorum
948 1335 1016 1397 libri
1026 1335 1240 1416 septemdecim,

192 1431 258 1472 cum
280 1425 417 1502 excerptis
441 1445 477 1483 ex
499 1427 648 1485 Francisci
667 1425 764 1486 Modii
785 1427 978 1508 Nouantiquis
998 1423 1196 1497 Lectionibus,
1216 1437 1243 1483 et

194 1502 277 1586 Casp.
290 1509 405 1572 Banbii
418 1515 612 1590 Adversariis,
630 1528 691 1576 tum
705 1516 839 1576 Danielis
852 1519 967 1576 Heinsii
980 1515 1142 1598 crepundiis
1155 1513 1242 1576 Silia·

194 1591 239 1650 nis
243 1637 252 1664 ,
262 1606 290 1653 et
296 1603 435 1676 postremis
444 1605 519 1672 notis
529 1601 645 1662 Nicolai
655 1605 769 1662 Heinsii
774 1649 782 1678 ,
794 1625 873 1664 nunc
881 1606 1010 1686 primurn
1019 1603 1115 1676 editis,
1125 1613 1244 1662 curantr

194 1677 327 1746 Anwtdo
344 1687 549 1750 Drakenborch
555 1736 563 1764 ,
576 1686 667 1771 cujus
684 1694 772 1752 etiam
793 1693 996 1752 assentationes
1013 1692 1121 1772 passim
1136 1686 1243 1748 addita

194 1784 269 1830 sunt.

232 1857 323 1924 Conf.
337 1865 431 1946 ipsius
445 1865 600 1928 Drakeub.
620 1867 710 1928 Praef.
728 1868 773 1928 Ad
788 1890 859 1929 eum
872 1869 965 1952 plane
975 1867 1135 1928 transferri
1149 1877 1245 1948 potest

188 1945 355 2028 judicium,
365 1955 449 2037 quod
459 1957 522 2017 Cel.
534 1957 642 2040 Heyne
653 1959 687 2016 in
700 1957 747 2017 ed.
757 1956 874 2017 Tibulli
886 1979 955 2039 pag.
970 1977 1066 2032 xutu,
1080 1956 1117 2016 de
1130 1953 1245 2015 Brouk·

191 2032 283 2096 husio
296 2037 385 2101 tulit:
402 2067 416 2098 n
426 2042 664 2119 Drakenborch,
678 2042 824 2125 elegantis
840 2045 956 2124 ingenii
972 2044 1020 2104 vir
1032 2059 1062 2102 et
1075 2042 1246 2104 multarum

192 2121 366 2202 literarum,
380 2126 464 2190 haud
475 2129 569 2191 dubie
580 2133 604 2192 is
614 2147 673 2206 est,
684 2132 731 2192 cui
742 2131 834 2192 Silius
843 2129 1015 2212 plurimum
1027 2129 1133 2191 debet:
1143 2131 1168 2189 si
1178 2149 1246 2189 uon

192 2213 460 2297 interpretatione,
471 2235 574 2280 tamen
584 2219 795 2282 subsidiorum
806 2221 983 2282 criticorum
995 2219 1156 2304 adparatu.
1165 2221 1246 2280 Nam

192 2323 262 2386 quae
277 2305 353 2368 boni
364 2311 536 2392 interpretis
547 2333 661 2372 munus
671 2311 856 2395 postularet,
867 2333 978 2395 parum
990 2310 1182 2394 exploratum
1191 2308 1244 2368 ha·

191 2392 294 2454 baisse
305 2396 444 2459 videtur:
459 2422 515 2481 pro
526 2422 614 2460 more
623 2401 707 2460 enim
718 2403 765 2460 sni
776 2401 870 2460 seculi
881 2399 960 2460 nihil
973 2402 1071 2478 videt,
1082 2399 1168 2482 quod
1178 2399 1246 2458 illu·

194 2482 355 2543 strandum
367 2488 419 2561 sit,
432 2489 490 2547 nisi
504 2489 558 2549 ubi
573 2491 607 2550 in
622 2491 852 2572 exquisitionem
864 2489 1014 2572 loquendi
1027 2489 1160 2566 formam
1173 2489 1247 2548 inci·

195 2567 273 2627 derit
288 2585 342 2630 aut
361 2576 537 2635 varietatem
556 2577 695 2636 lectionis
714 2576 897 2636 offenderitz
917 2589 985 2637 tum
1000 2597 1074 2637 vero
1092 2575 1246 2658 exemplo-

195 2677 263 2717 rum
276 2660 359 2719 nubc
369 2661 501 2722 involvit
511 2679 540 2723 et
549 2664 694 2725 lectorem
705 2677 734 2724 et
744 2679 883 2748 poetam3
898 2665 967 2724 lucc
976 2664 1142 2740 interdum,
1152 2685 1248 2746 quam

197 2748 401 2828 exspectabat,
417 2752 568 2813 subducta
580 2755 679 2833 magis
692 2774 788 2834 quam
800 2753 906 2814 inlata.
918 2779 932 2812 n

684 2899 768 2980 1765.

235 3027 408 3105 Mediolani,
418 3032 461 3094 111
471 3033 542 3094 Vol.
553 3033 643 3110 irs-4⁰,
654 3053 726 3094 cum
737 3036 879 3096 versione
887 3033 991 3094 Italica
1001 3031 1150 3096 Monachi
1156 3023 1269 3094 Maxi-⁴

196 3116 318 3178 miliani
328 3121 425 3181 Buzii.

183 3255 187 3263 .
234 3207 368 3270 Pessima
384 3209 494 3286 editio,
506 3210 610 3292 judice
622 3211 726 3274 Leleb.

680 3347 763 3427 ¹775·

237 3480 384 3556 Minnio,
400 3483 493 3558 in-80,
505 3485 587 3566 apud
597 3484 704 3545 Frider.
717 3487 867 3546 Hinrium.
885 3485 916 3544 C.
930 3485 997 3545 Silii
1010 3481 1108 3546 Italici
1123 3484 1250 3544 Punico-

201 3585 264 3626 rum
278 3563 345 3630 libri
357 3572 558 3654 septemdecim
571 3595 587 3634 e
600 3577 764 3635 neemione
779 3571 907 3636 Amoldi
920 3568 1129 3634 Dmlenborcb
1141 3574 1254 3632 curavit

197 3665 226 3712 et
235 3653 411 3722 Glossarium
423 3664 591 3726 Latinitatis
604 3660 710 3746 adjecit
721 3667 769 3726 Jo.
780 3666 885 3726 Petnts
896 3661 1070 3724 Scbmidins.

237 3741 358 3822 Editor,
368 3751 525 3830 praemissa
534 3751 624 3812 Prael.
635 3752 792 3813 Drakenb.
803 3764 833 3812 et
842 3751 967 3812 Cellarii
977 3749 1102 3809 Dissert.
1112 3747 1151 3808 de
1160 3747 1193 3809 C.
1205 3749 1249 3810 si-

199 3824 244 3889 lio
253 3830 373 3911 Italico,
383 3850 499 3900 textum
512 3863 531 3900 a
541 3840 700 3902 Drakenb.
713 3839 821 3901 datum
833 3839 969 3922 repetiit,
981 3849 1011 3898 et
1021 3857 1168 3918 magnam
1178 3857 1252 3898 con·

196 3917 383 4000 jecturarum
392 3927 429 3987 N.
439 3930 557 3992 Heinsii
567 3946 688 4014 partem
698 3950 830 4011 quaque
840 3929 900 3992 alia
910 3931 943 3990 in
953 3927 1173 3988 animadversa.
1184 3928 1250 3987 VV.

198 4007 266 4068 DD.
281 4011 314 4072 in
332 4013 465 4078 editione
478 4019 635 4082 Drakenb.
655 4021 695 4082 ad
709 4021 948 4102 intelligentiam
966 4035 1065 4101 poetae
1083 4031 1155 4097 apta
1169 4013 1253 4071 vide-

199 4111 315 4177 rentur,
324 4101 356 4162 in
364 4102 657 4171 Glossatiobreviter
664 4107 966 4192 exhibuit,adspersis
974 4106 1056 4167 notis
1065 4098 1252 4182 quibusdam
