2930 4644
232 367 295 449 418
563 337 945 413 COMMENTATIO

231 511 356 574 ‹urlcare¹
372 499 463 570 Ecce,
480 491 553 553 belli
569 488 665 550 civilis
679 489 787 565 ingens
802 501 881 563 opus
895 477 1032 558 quisquis
1047 469 1201 552 adtigerit,
1219 467 1284 526 nisi

232 601 339 686 plenus
353 589 463 661 literis,
478 584 535 646 sub
548 601 642 642 onere
656 577 783 652 labetur.
796 570 963 632 Non‘enim
979 587 1025 625 res
1038 577 1128 644 gestie
1142 557 1283 618 versibus

231 671 526 766 comprehendendae
544 681 630 742 sunt,
652 661 735 745 quod
753 661 846 740 longe
862 655 971 716 melius
987 649 1123 712 historici
1143 647 1281 716 faciunt,

231 776 280 840 sad
299 793 351 856 per
365 765 508 843 ambages
523 759 714 834 deorumque
727 748 910 819 ministeria,
924 758 954 804 et
968 741 1145 802 fabulosum
1159 749 1282 796 senten-

229 867 345 927 tiarum
360 865 551 916 tormentum
569 838 805 927 praecipitandus
812 851 865 896 „est
882 833 959 892 liber
975 832 1131 914 spirituas
1149 823 1205 883 Sed
1222 823 1281 880 mi·

231 973 299 1026 ror,
321 943 412 1026 hujus
429 935 571 1022 praecepti
593 933 695 1013 ipsum
714 939 874 988 auctorem
894 935 957 978 tam
979 936 1091 999 parum
1112 929 1281 973 memorem

231 1040 340 1111 fuisse,
367 1044 408 1092 ut·
423 1024 511 1088 civile
534 1020 653 1080 bellum
675 1013 811 1074 versibus
837 1007 1023 1091 expresserit.
1046 1005 1151 1082 Neque
1175 997 1282 1068 video,

233 1147 328 1216 quare
346 1141 412 1183 non
432 1113 527 1200 possit
542 1109 654 1190 aliquis
673 1101 845 1164 admodum
868 1097 913 1158 vcl
935 1091 1079 1156 delectari
1099 1091 1145 1150 vel
1165 1086 1284 1146 morari

232 1217 363 1281 lectione
375 1201 534 1274 carminis,
549 1195 632 1277 quod
647 1215 707 1267 res,
723 1213 759 1251 ex
770 1188 899 1250 historia
912 1185 1033 1266 petitas,
1048 1195 1078 1240 et
1089 1177 1128 1238 ab
1140 1175 1203 1236 aliis
1213 1171 1284 1254 jam

233 1305 392 1392 perspicue
404 1310 495 1374 atque
508 1287 616 1350 ordine
627 1282 792 1366 expositas,
805 1277 976 1347 contineat;
991 1269 1086 1332 modo
1098 1267 1142 1327 rei
1153 1277 1242 1345 gestie
1253 1275 1285 1320 et

233 1398 365 1482 gravitas
386 1401 415 1448 et
435 1379 571 1444 narratio
595 1375 667 1436 huic
688 1369 819 1432 consilio
839 1367 909 1426 satis
928 1373 1088 1443 congruat.
1108 1359 1223 1417 Natura
1241 1353 1284 1411 sic

234 1487 308 1558 fert,
326 1494 360 1542 ut
376 1477 515 1538 animum
534 1465 680 1528 adiiciant
699 1473 790 1540 atquc
807 1457 957 1517 delectent
971 1471 1076 1512 serrsus
1091 1459 1121 1507 et
1136 1444 1286 1522 imagines

235 1571 361 1644 vividae,
378 1565 472 1626 fortes
493 1555 630 1630 colores,
652 1549 830 1610 adfectuum
853 1545 898 1604 vis
919 1555 948 1602 et
969 1539 1116 1608 varietas,
1137 1528 1285 1593 orationis

236 1659 521 1730 sententiarumque
532 1643 635 1726 copia,
647 1649 805 1708 venustas,
818 1645 946 1694 ornatus
958 1642 987 1688 et
998 1625 1145 1707 gravitas,
1157 1617 1286 1690 fabulae,

238 1738 285 1815 res
301 1750 450 1824 antique,
467 1735 683 1799 conversiones
695 1724 919 1806 exquisitiores,
938 1718 1066 1796 aliasque
1086 1727 1163 1774 artes
1184 1721 1287 1791 poeta-

239 1861 327 1910 rum,
343 1833 398 1914 qui
415 1831 447 1888 in
468 1824 586 1884 levibus
607 1813 732 1900 quoque
752 1811 842 1872 rebus
863 1828 982 1890 semper
999 1802 1114 1864 insoliti
1137 1798 1210 1879 quid
1233 1795 1287 1854 ha·

237 1929 327 1996 hent,
349 1915 433 2002 quod
457 1912 601 1980 lectores,
622 1907 647 1964 si
669 1922 737 1962 non
759 1896 850 1958 ferire
870 1917 905 1955 ac
926 1911 1064 1965 movere,
1084 1901 1165 1948 certe
1182 1903 1289 1966 capere

239 2014 343 2100 possit
359 2003 452 2084 Quod
466 2001 525 2060 nisi
539 2000 579 2056 ita
594 2007 668 2054 esset
682 1999 912 2072 comparatum,
930 1985 999 2064 qul,
1011 2001 1129 2063 quaeso,
1143 1976 1208 2037 lieri
1220 1995 1289 2057 pos·

241 2118 298 2178 set,
316 2113 350 2161 ut
365 2095 438 2156 libri
453 2091 490 2150 de
506 2083 708 2168 agricultura,
726 2078 862 2140 versibus
880 2074 1003 2156 scripti,
1024 2085 1147 2132 tantum
1161 2065 1290 2127 delecta·

242 2189 334 2256 tionis
356 2182 519 2255 haberent,
543 2183 698 2252 quantum
717 2190 753 2227 ex
770 2163 893 2245 Virgilii
913 2159 1067 2241 Georgicis
1090 2151 1293 2240 percipimus?

244 2284 321 2360 Quae
336 2289 410 2334 vero
428 2283 518 2326 causa
534 2272 593 2332 est,
610 2277 664 2316 cur
681 2276 728 2314 res
744 2266 848 2334 gestae,
863 2249 1050 2310 Maroniano
1064 2245 1189 2327 ingenio
1202 2241 1293 2302 versi-

232 2363 299 2436 bus
310 2353 552 2440 comprehense,
562 2348 666 2408 minus
676 2343 766 2403 nobis
778 2341 894 2425 placere
906 2335 1040 2420 possint?
1050 2336 1125 2411 Quis
1136 2353 1202 2394 non
1213 2351 1294 2392 sum·

248 2477 333 2522 mam
343 2449 535 2528 voluptatem
544 2458 580 2498 ex
591 2433 778 2496 celeberrimi
787 2431 944 2489 Vouraraa
953 2423 1104 2486 Hauriade
1113 2417 1298 2505 perceperit?

248 2565 278 2610 et
292 2539 452 2626 quoduam
466 2529 549 2592 aliud
561 2525 651 2609 hujus
667 2535 763 2607 poetae
773 2539 897 2580 carmen
910 2515 953 2576 illi
964 2511 1198 2575 anteferendum
1211 2523 1295 2593 puta-

250 2625 371 2698 bimus?
385 2620 467 2702 Quid
484 2621 587 2698 itaque
603 2613 719 2686 obstat,
739 2608 908 2691 quominus
925 2605 957 2665 in
973 2601 1136 2682 deligendo
1153 2599 1298 2660 carminis

184 2765 186 2768 -
253 2727 436 2804 argumento
448 2708 536 2770 Silius
549 2725 619 2766 curn
627 2699 744 2784 judicio
756 2707 892 2758 versatus
903 2692 1000 2752 videri
1015 2689 1128 2773 possit?
1140 2691 1202 2762 An,
1214 2683 1299 2768 quod

254 2809 407 2874 recentior
421 2811 465 2860 cst
477 2795 605 2858 historia
619 2805 648 2868 et
660 2789 699 2850 ab
711 2799 798 2847 aetate
810 2784 933 2846 heroica
945 2777 1113 2840 remotiori
1126 2776 1271 2858 quodque
1281 2796 1301 2834 a

256 2887 562 2966 Graecisbatinisque
583 2877 781 2962 scriptoribus
800 2887 864 2934 tam
884 2871 1038 2952 eleganter
1055 2881 1147 2947 atque
1164 2877 1302 2926 accurate

165 2997 167 3012 ⁴
257 2985 369 3051 tradita
381 2991 440 3049 cst,
455 2988 505 3046 ut,
518 2972 572 3052 qui
584 2967 722 3028 eamdem
737 2977 808 3046 post
820 2962 889 3023 illos
901 2960 1061 3042 scriptores
1073 2969 1227 3028 retractet,
1237 2973 1303 3014 non

259 3071 348 3156 valde
359 3061 521 3125 desiderari
534 3055 645 3140 possiti
660 3056 714 3114 llae
728 3065 799 3114 sunt
811 3051 957 3121 rationes,
970 3044 1081 3127 quibus
1095 3059 1199 3103 motus
1215 3061 1303 3122 argu·

261 3157 358 3224 menti
374 3151 525 3211 delectum
542 3142 687 3226 inprobat
702 3141 748 3202 lll.
765 3139 884 3199 Ernesti
894 3135 948 3216 (1),
963 3134 1017 3215 qui
1030 3147 1136 3193 tamen
1152 3129 1319 3203 concedit,-

261 3245 392 3318 labulae,
414 3259 508 3322 quam
525 3235 648 3318 proprie
665 3233 811 3304 dicimus,
829 3248 895 3289 non
915 3245 984 3286 eam
1004 3222 1210 3284 necessitatem
1228 3237 1307 3294 esse,

263 3339 329 3402 sine
345 3351 406 3414 qua
423 3323 566 3388 carminis
582 3321 676 3405 ipsius
691 3319 769 3379 ratio
784 3329 812 3376 et
828 3313 991 3376 consilium
1005 3323 1146 3371 constare
1160 3329 1225 3368 non
1240 3327 1306 3389 pos-

265 3429 317 3502 sit,
330 3438 359 3484 et
373 3431 516 3504 praeterea
530 3412 611 3472 bello
619 3408 736 3470 Punico
749 3403 883 3465 secundo
894 3397 1041 3460 tantama
1054 3398 1143 3458 rebus
1154 3397 1257 3478 gestis,
1269 3395 1307 3454 ab

265 3510 460 3580 hominibus,
475 3502 586 3584 quihus
598 3502 633 3560 in
648 3517 684 3557 eo
699 3490 944 3553 administrando
962 3487 1119 3571 praecipuas
1132 3499 1233 3568 partes
1248 3481 1310 3542 lire·

267 3607 344 3675 rint,
358 3597 490 3675 denique
503 3592 542 3650 ab
556 3600 667 3648 eventu
679 3580 857 3664 gravitatem
875 3599 949 3650 esse,
962 3591 996 3635 ut
1010 3588 1080 3656 apta
1095 3574 1160 3657 ejus
1175 3571 1308 3632 narratio

266 3691 355 3753 facilc
371 3685 512 3746 admittat
528 3699 593 3738 eam
607 3673 802 3754 dignitatem,
816 3689 884 3750 quae
900 3665 1042 3726 carminis
1055 3661 1171 3723 heroici
1186 3659 1309 3743 propria

269 3784 316 3842 sit.
333 3775 425 3852 Quod
442 3770 479 3830 ad
499 3768 581 3849 prius
596 3763 654 3822 viri
671 3758 835 3821 doctissimi
856 3767 1074 3837 argumentum
1094 3750 1224 3824 adtinet,
1246 3768 1311 3810 non

269 3865 406 3928 diffiteor
425 3855 564 3938 quidem,
589 3850 746 3910 materiem
770 3845 899 3906 carmini
921 3844 1006 3925 cpico
1026 3839 1215 3923 aptissimam
1235 3847 1313 3896 recte

179 3975 183 3984 ·
267 3951 399 4038 judicari
419 3965 504 4015 eam,
522 3959 591 4020 quae
610 3959 645 3998 ex
662 3936 771 3996 ultima
787 3931 967 4013 antiquitate
984 3944 1065 3990 etex
1082 3947 1148 3989 aevo
1165 3925 1312 3998 heroum,

309 4131 347 4202 (r)
359 4124 541 4222 lnlDisquisin
555 4120 588 4175 de
599 4139 681 4175 earm.
695 4119 794 4182 Siliano
806 4136 887 4188 supra
899 4135 925 4186 p.
935 4116 996 4183 4¹4·
