2930 4644
163 427 173 436 .
271 373 335 456 450
604 363 987 430 consssnrsrro

153 503 157 512 .
271 511 407 594 singulos
417 507 529 568 libros:
548 525 583 566 er
597 505 710 587 quibus
724 503 796 578 tibi,
815 503 889 586 quid
908 505 941 562 in
961 523 1146 586 unoquoque
1165 503 1354 565 volumius

272 602 461 672 continetur,
475 598 575 656 statim
588 592 816 676 apprehendere
828 594 950 674 poteris.
963 619 976 647 n

311 692 389 750 Eam
401 685 556 748 consuluit
566 681 722 744 llrnltenb.

757 823 840 884 1508.

312 960 450 1020 Parisino
466 957 493 1030 l,
510 951 599 1028 in-lp’,
614 953 679 1012 sine
695 954 786 1012 notis.
811 954 847 1012 ln
865 951 927 1012 line
946 950 1010 1011 haec
1028 951 1191 1034 leguntur:
1214 951 1343 1012 “Silius

274 1047 395 1109 italicus
418 1043 504 1116 finit,
526 1045 688 1123 impressus
710 1037 841 1100 Parhisii
862 1041 894 1099 in
913 1037 1064 1098 Bellovisu
1088 1059 1143 1120 pro
1163 1037 1343 1120 Radulplso

274 1135 423 1205 Leliano,
443 1151 528 1192 anno
551 1127 655 1188 salutis
675 1125 837 1186 millesimo
860 1127 1106 1208 quingentesimo
1128 1141 1253 1201 octavo,
1284 1127 1340 1196 dir

274 1221 454 1283 duodecima
466 1218 578 1277 mensis
589 1213 773 1276 Decembris.
784 1237 798 1269 o

314 1313 340 1372 A
354 1309 442 1370 nullo
457 1307 587 1381 editore,
599 1303 681 1388 quod
695 1305 803 1376 sciam,
816 1302 945 1364 conlata.

764 1435 848 1498 1512.

316 1575 455 1634 Parisino
471 1570 513 1644 ll,
531 1589 598 1629 cum
614 1566 827 1627 commentariis
842 1567 923 1624 Petri
935 1567 1044 1638 Marsi,
1062 1563 1194 1625 infolio.
1213 1567 1249 1626 lu
1270 1565 1336 1628 finc

278 1665 342 1724 lraec
359 1660 571 1743 reperiuntur:
592 1651 780 1714 aParrhisiis
796 1674 830 1713 ex
846 1653 961 1713 sedibus
977 1653 1093 1714 Nicolai
1113 1653 1150 1714 de
1167 1656 1282 1714 Pratis.
1304 1677 1333 1716 xi

279 1749 432 1814 Kalendas
451 1747 527 1807 Maii
547 1763 632 1803 anno
650 1744 778 1802 Domini
797 1761 890 1822 supra
911 1739 1107 1800 millesimum
1122 1744 1334 1824 quingentesi-

195 1903 200 1912 ,
261 1859 366 1905 smum
391 1835 588 1907 duodecimo,
615 1833 760 1914 impensis
785 1849 858 1890 vero
882 1827 1163 1889 honestissimorum
1189 1832 1331 1893 virorum

279 1925 385 1988 Poncii
397 1922 505 1997 Probl,
516 1933 547 1980 et
557 1919 710 1979 Francisci
722 1914 885 1999 chnault,
898 1915 1171 1998 bibliopolarum.»

186 2063 202 2078 .
319 2007 470 2073 Consulto
493 2027 510 2065 a
534 2004 690 2066 Drakenb.
714 2021 744 2068 et
764 2006 933 2066 accuratior
952 2004 1076 2064 Venetis
1095 2003 1207 2082 Marsi,
1230 2009 1327 2090 judin

280 2099 384 2161 Lefeb.

763 2172 847 2247 1514.

320 2309 455 2392 Luqdani
469 2307 555 2382 iss-8⁰,
568 2318 688 2366 coraule
704 2307 856 2365 Darniano
867 2307 992 2364 Berressa
1004 2307 1158 2386 Raqmaeo,
1170 2307 1253 2388 apud
1261 2313 1331 2368 Bor-

285 2399 406 2480 tlselemy
420 2395 517 2458 Troili

321 2492 391 2551 Post
407 2487 575 2564 editionem
592 2485 760 2565 Pomponii
775 2485 893 2565 optima
910 2482 990 2544 inter
1005 2495 1132 2558 veteres,
1149 2487 1174 2548 si
1189 2482 1265 2546 fides
1280 2485 1328 2545 lra-

283 2580 385 2643 benda
397 2575 499 2638 Leleb.
515 2577 569 2656 qui
580 2595 650 2634 eam
663 2574 803 2642 contulit.
819 2573 931 2634 Critica
943 2585 1022 2637 certe
1035 2593 1108 2634 cura
1123 2585 1154 2634 et
1168 2573 1330 2634 subtilitati·

284 2674 412 2734 Benessa
427 2686 535 2729 omncs
548 2683 648 2746 quum
663 2663 758 2726 seculi
773 2663 1157 2738 XV,tumllV1,editores
1170 2667 1328 2746 superavit

284 2760 331 2820 Cf.
346 2755 436 2820 Praef.
451 2754 608 2828 Drakeub.
1035 2769 1040 2780 ¹

770 2841 854 2906 1515.

324 2981 475 3041 Florentia
489 2979 569 3062 apud
581 2977 749 3062 Philippum
763 2981 886 3040 dantum
894 3023 904 3052 ‚
924 2977 1175 3042 aemendatione
1190 2977 1325 3038 Ambrosii

285 3067 444 3142 Nicandri,
464 3065 609 3142 Toletani,
626 3069 716 3128 in-80.

207 3191 213 3202 -
323 3157 477 3217 Nicander
490 3157 663 3217 inconsulta
680 3171 710 3216 et
728 3157 887 3217 temeraria
899 3157 1042 3218 mutandi
1057 3157 1286 3240 corrigendique
1295 3157 1326 3218 li·

285 3245 391 3308 bidine
408 3242 514 3304 Siliani
531 3243 677 3305 carminis
697 3257 874 3304 contextum
900 3246 1008 3324 quavis
1030 3243 1093 3306 lere
1114 3245 1225 3326 pagina
1251 3245 1325 3305 foedc

286 3333 441 3415 conrupit.
459 3332 528 3393 Vid.
546 3335 633 3392 Varr.
652 3333 745 3392 Lectt.
763 3345 793 3394 et
808 3333 930 3393 Praefst.
946 3331 1101 3392 Drakenb.
1120 3331 1224 3393 Nihilo
1241 3335 1326 3394 secius
1424 3369 1425 3393 ι

286 3425 350 3508 ejus
364 3423 490 3502 vestigia
506 3421 580 3503 legit
596 3419 705 3496 Aldus,
723 3441 816 3502 quem
833 3421 944 3482 deinde
961 3421 1070 3482 Nutius
1088 3420 1202 3504 aliique
1216 3425 1325 3503 sequuti

285 3527 367 3574 sunt.
382 3511 454 3589 Quo
464 3509 580 3570 facturn
594 3521 651 3581 est,
661 3519 696 3565 ut
707 3507 905 3590 interpolatio
915 3521 1103 3590 grassaretur
1112 3509 1144 3566 in
1155 3527 1260 3568 omnes
1269 3507 1325 3569 fere

287 3599 451 3674 editiones,
471 3610 542 3658 ante
559 3593 714 3654 Dralseub.
732 3596 813 3676 typis
830 3615 996 3678 expressas,
1016 3597 1070 3678 qui
1090 3585 1207 3677 primus
1224 3609 1324 3656 cuncta

287 3689 374 3770 quasi
396 3686 539 3760 vulnera,
559 3703 576 3740 a
598 3682 751 3743 Nicandro
772 3685 904 3744 carmini
923 3683 1052 3758 indicta,
1075 3685 1208 3759 sanavit,
1228 3697 1323 3766 totque

288 3776 437 3850 maculas,
455 3775 484 3834 ei
500 3773 672 3852 adspersas,
687 3771 815 3832 delevit:
833 3774 888 3832 etsi
901 3772 967 3855 jans
984 3787 1055 3834 ante
1070 3795 1139 3833 eum
1154 3793 1247 3856 opera
1260 3774 1322 3832 Car-

287 3867 396 3938 rionis,
408 3859 524 3934 Modii,
535 3857 651 3918 Barthii
664 3872 694 3919 et
703 3863 785 3921 Dan.
796 3863 914 3924 Heinsii
924 3883 989 3923 non
1002 3861 1163 3922 infeliciter
1172 3864 1205 3921 in
1214 3883 1321 3922 emacu-

288 3955 382 4014 lando
397 3950 470 4009 Silio
481 3948 679 4031 stabuloque,
692 3963 728 4009 ut
740 3951 783 4009 ita
797 3949 913 4026 dicam,
926 3953 1031 4032 Augiae
1040 3949 1204 4032 purgando
1217 3963 1320 4008 versata

288 4053 341 4102 est.
354 4035 512 4096 Editiones
524 4036 627 4116 itaque
639 4035 730 4118 hujus
742 4053 772 4098 et
784 4059 846 4119 seq.
856 4039 950 4099 seculi
961 4040 1066 4120 paucis
1076 4038 1257 4098 recensuisse
1266 4035 1319 4096 suf·
1422 4109 1423 4116 ἵ

287 4126 384 4197 ficiat,
402 4125 552 4203 quoniam
568 4125 634 4185 non
651 4145 765 4206 magna
781 4125 854 4186 inde
870 4127 910 4188 ad
930 4147 987 4188 nos
1002 4139 1033 4191 et
1048 4141 1175 4210 poetam
1192 4139 1318 4188 nosuum
