2960 4644
437 323 750 394 runtconnn
774 323 867 392 arn.
890 323 988 396 xvr.
1169 326 1231 413 287

187 462 266 526 Jam
278 465 391 552 Mago,
405 481 522 530 exutus
533 463 661 540 castris,
673 459 816 548 agitante
828 480 950 547 pavore

188 568 232 630 In
245 569 382 658 Libyam
395 592 539 660 propero
550 569 690 636 tramisit
700 564 817 637 oaeruln
831 563 915 630 velo.
986 605 988 610 .

237 675 322 739 Ecce
333 674 423 741 aliud
435 674 551 754 decus,
564 672 654 740 baud
666 695 734 738 tmo
746 686 904 740 contenta
915 670 1041 750 maore,

187 779 346 846 Nutribat
357 785 500 848 Fortuna
513 781 607 850 duci:
621 803 698 852 narn
710 779 858 846 concitus
871 780 1014 846 Hannon

185 884 413 969 Adventabat,
424 912 524 978 agens
537 886 772 979 crepitantibus
783 887 915 975 agmina
927 887 1026 957 cetris
1203 903 1233 952 3ο

224 1069 263 1115 ²7·
282 1055 336 1103 Post
352 1055 415 1103 bunc
430 1073 523 1105 versurn
540 1057 621 1105 Iaeieb.
644 1073 672 1103 aa
690 1053 821 1103 Petrarcboe
839 1055 916 1102 Africa
934 1053 1036 1111 XXXIV,
1055 1053 1110 1120 alios
1129 1058 1236 1112 Inseruit,

188 1138 253 1186 qnos
263 1125 309 1172 Sidi
321 1141 370 1174 ease
382 1140 461 1190 putat,
475 1142 499 1176 et
511 1127 566 1176 haic
578 1127 629 1176 Ioco
642 1130 781 1190 aptissimos,
797 1141 870 1196 qnam
884 1127 954 1187 ungo
967 1141 1014 1172 non
1030 1126 1124 1173 redierit
1138 1129 1163 1172 in
1175 1127 1236 1174 Airi-

187 1209 254 1252 eatn,
273 1197 315 1243 aad
328 1211 395 1246 antea
410 1212 517 1254 mortuus
527 1205 563 1248 sit.
581 1205 611 1248 At
630 1203 726 1246 tramisit
736 1212 814 1246 tamen
827 1203 851 1244 r'n
866 1197 974 1257 Libyam,
992 1199 1034 1244 etsi
1050 1212 1095 1244 non
1113 1197 1201 1260 adpulit
1214 1212 1237 1246 et

124 1260 134 1276 '
186 1283 283 1315 curnam
295 1271 405 1331 perfecit,
422 1272 470 1318 vid.
485 1265 535 1318 not.
550 1285 573 1319 et
591 1273 620 1318 de
638 1271 677 1318 illo
692 1271 822 1333 Irapnento
837 1267 899 1317 Infra
908 1271 1039 1316 Continent.
1055 1269 1142 1316 desilii
1158 1272 1202 1316 vita
1215 1284 1238 1317 et
1307 1285 1311 1292 ·

186 1341 292 1388 carmine
302 1343 361 1388 Seet.
369 1343 399 1397 V,
408 1342 459 1388 iere
469 1343 499 1390 ad
508 1341 585 1390 finem.
597 1367 624 1380 —
635 1343 672 1390 28.
684 1341 785 1411 uncini.
797 1351 860 1388 muto
868 1343 919 1388 Pnt.
929 1356 1001 1404 parvo
1009 1341 1038 1386 R.
1052 1342 1161 1397 arana.
1171 1339 1236 1391 Mad.

184 1413 263 1472 prinae
271 1413 346 1459 Onon.
357 1429 411 1459 cnm
419 1413 515 1476 reliquis
525 1415 579 1462 edd.
590 1440 621 1452 -
631 1431 668 1476 ap.
678 1415 791 1472 Hannon,
799 1429 848 1460 uon
857 1416 938 1470 Anno,
949 1414 1042 1475 scripd;
1051 1413 1082 1460 cf.
1095 1413 1126 1460 ad
1136 1415 1171 1469 II,
1183 1428 1235 1478 ²77·

188 1503 224 1515 -
232 1479 270 1528 3ο.
281 1483 440 1544 crepitantdus
450 1485 525 1530 Onon.
538 1484 705 1547 trepidantibus
717 1485 766 1532 Col.
776 1483 853 1546 Vulgo
864 1483 1034 1546 trepidantibus.

190 1615 313 1672 drnbalia
325 1623 429 1675 Barcini
440 1626 541 1676 recenti
553 1642 613 1676 cum
624 1643 695 1678 exer·
737 1623 809 1676 unde
823 1643 885 1676 mox
900 1623 1070 1695 pellebantur
1085 1623 1235 1692 Pisandes,

191 1697 248 1748 citu
265 1715 297 1750 ex
307 1700 397 1766 Africa
415 1714 620 1772 transgressum,
632 1722 693 1756 cum
737 1701 764 1753 b.
775 1721 798 1754 e.
810 1703 897 1769 Poeui,
906 1720 1019 1774 qnorum
1030 1721 1091 1773 pars
1102 1702 1170 1754 adeo
1180 1721 1236 1756 non

190 1775 692 1851 Magonecastrajnnaiase,eodemque
737 1783 774 1834 ita
788 1780 872 1833 multo
884 1793 959 1852 post,
975 1799 991 1832 a
1005 1794 1098 1832 senatu
1110 1779 1234 1854 Carthag.
1254 1819 1259 1826 -

191 1854 286 1924 pralio
296 1856 439 1930 utrumqne
450 1859 545 1912 ducem
557 1879 572 1912 a
583 1862 618 1912 M.
629 1859 693 1912 Sila·
736 1862 853 1933 spirante
859 1879 969 1932 pavore,
981 1879 1060 1930 quem
1071 1863 1095 1913 ei
1106 1861 1236 1916 adventus

190 1951 230 1985 no
244 1936 294 1988 sub
313 1941 439 2010 auspiciis
455 1940 585 2010 Scipionis
602 1939 693 1992 devic-
736 1939 866 2012 Scipionis
885 1941 1049 2003 incusserat,
1070 1942 1098 1991 in
1117 1940 1236 1993 Africana

187 2025 248 2064 turn
259 2016 356 2083 fusse,
366 2018 444 2071 Dral.
456 2019 517 2071 Meo
527 2020 616 2091 potius
628 2038 691 2092 qua·
735 2021 858 2088 trajicere
873 2018 1019 2088 jubebatur
1040 2037 1100 2070 cum
1122 2019 1235 2092 Magone

185 2090 325 2165 licumque
338 2095 440 2167 judicio
457 2107 548 2152 versus
564 2099 625 2153 23...
642 2117 691 2170 27,
735 2097 817 2163 duce,
831 2099 945 2168 quitum
961 2117 977 2150 a
988 2099 1114 2150 Ilomauis
1131 2101 1158 2151 iu
1172 2119 1235 2172 agro

188 2177 313 2228 universa
324 2191 406 2249 agunt
416 2178 450 2231 de
461 2177 570 2232 adversa
582 2179 691 2231 fortuna
735 2177 874 2231 Gallorum
882 2176 1034 2230 insubrium
1045 2179 1132 2230 victua
1143 2192 1200 2231 arat
1210 2193 1237 2232 et

188 2255 346 2323 Pentrorum,
358 2276 389 2310 et
401 2258 529 2329 Hispania
541 2277 555 2309 a
565 2257 689 2330 Scipione
735 2259 821 2310 castris
833 2268 938 2318 erasm
951 2254 985 2308 da
998 2273 1051 2327 quo
1063 2255 1117 2310 sid.
1132 2258 1236 2312 Livium

188 2331 344 2402 pulsorum,
355 2351 434 2404 quam
445 2334 690 2407 deindepoataad·
734 2337 821 2402 XXX,
843 2337 887 2400 18,
908 2355 947 2406 ¹9·
965 2336 1033 2388 Nam
1053 2349 1110 2388 tum
1128 2337 1234 2389 demum

187 2415 310 2464 curatius
327 2415 451 2485 exponit,
468 2429 494 2468 et
512 2415 620 2485 quidem
635 2417 690 2484 ita,
735 2417 814 2488 Mago
826 2416 854 2466 in
862 2417 971 2486 Libyam
981 2417 1134 2482 transmisit,
1143 2434 1191 2470 neo
1202 2416 1236 2470 ds

190 2505 222 2542 nt
235 2493 371 2544 llannonis
384 2505 500 2560 tantum,
510 2511 561 2563 pro
573 2492 691 2546 Hasdru·
737 2493 787 2546 alia
804 2496 861 2564 ejus
878 2495 943 2566 fuga
952 2492 994 2546 ael
1006 2493 1098 2565 prelio
1116 2497 1236 2566 cogitan-

191 2569 254 2622 bale
273 2589 341 2623 caso
360 2572 509 2638 substituti,
531 2575 691 2624 mentionem
736 2571 859 2624 durnest.

191 2649 289 2714 iaciat,
302 2649 524 2720 quemadmodum
536 2652 612 2702 etiam
623 2650 692 2703 libro
773 2651 806 2702 28
821 2667 896 2718 seqq.
911 2649 990 2700 Cotti.
1003 2648 1057 2700 liv.
1070 2647 1192 2716 XXVIII,
1213 2663 1234 2700 t.

192 2729 253 2792 XV,
273 2727 359 2780 nolum
377 2727 584 2791 Hasdrubalem,
598 2747 653 2780 non
667 2742 693 2782 et
737 2729 795 2777 Vox
807 2744 864 2780 ecce
875 2727 975 2788 innuit,
988 2737 1096 2795 poetam
1107 2743 1178 2778 nunc
1190 2743 1235 2778 eas

192 2805 313 2876 reliquos
321 2809 462 2860 Poenorum
470 2807 694 2880 duces,respexe·
738 2825 779 2860 res
798 2819 1067 2859 commemoraturum
1087 2822 1158 2872 asse,
1177 2809 1237 2878 qui·

194 2900 245 2938 rat.
262 2886 341 2939 Silius
356 2889 441 2955 enim,
453 2900 592 2958 poetarum
603 2906 693 2956 more,
738 2886 788 2938 bus
799 2903 851 2937 vas.
866 2885 927 2936 23...
942 2900 989 2952 27,
1002 2895 1138 2954 tamquam
1149 2903 1236 2956 prota-

193 2979 351 3018 constanter
362 2985 404 3019 rea
416 2969 565 3038 graviores,
582 2982 694 3038 quaeque
739 2969 822 3018 mium
838 2965 1009 3036 praemiserat.
1024 2989 1060 3004 -
1075 2963 1149 3016 uliud
1164 2966 1238 3021 dena

192 3057 318 3097 ornatum
333 3047 467 3118 poeticum
485 3045 642 3114 admittant,
653 3065 695 3100 so-
737 3047 876 3112 Nntn'but,
891 3045 970 3098 aliam
989 3045 1080 3117 gloria
1102 3046 1239 3118 conligen-

191 3125 267 3200 tigit,
282 3121 395 3180 leviores
412 3142 515 3192 autem,
527 3128 568 3180 ael
583 3130 694 3182 strictim
739 3129 779 3183 dae
787 3131 954 3182 occasionem
963 3126 1058 3196 dabat,
1067 3127 1183 3182 Fortuna
1190 3131 1238 3182 du-

193 3208 323 3281 adtingit,
331 3209 373 3262 vel
383 3210 462 3282 plane
472 3211 650 3282 pretermittit
659 3212 694 3264 si·
738 3211 764 3262 οἱ
781 3211 961 3261 Romanorum
979 3211 1007 3260 in
1026 3207 1167 3278 IIispania,
1181 3209 1238 3262 Sci·

191 3285 288 3341 lentio.
307 3289 375 3342 Hinc
392 3292 471 3342 etiarn
489 3291 611 3362 Magonis
625 3291 694 3342 forte
736 3291 821 3362 pioni.
840 3317 875 3326 -
892 3287 1001 3359 favum,
1024 3305 1078 3357 quo
1101 3287 1238 3358 adjuverat

192 3386 251 3420 non
271 3371 450 3437 meminisset,
471 3373 522 3422 nisi
543 3372 565 3422 is
586 3387 694 3442 quoque
738 3387 798 3422 eum
811 3370 838 3420 in
851 3368 1047 3439 expugnatione
1059 3367 1235 3441 Carthaginis.

193 3447 354 3500 Hannibalis
369 3449 463 3501 iubeat
480 3450 574 3516 irater,
589 3463 618 3502 ut
630 3451 695 3502 lias·
742 3449 854 3501 aNovua
868 3448 1014 3518 imperator
1028 3447 1139 3515 Hanno,
1154 3451 1181 3500 in
1197 3449 1239 3500 lo-

196 3526 308 3589 drubal3
323 3529 394 3582 conf.
408 3529 443 3582 ad
455 3547 479 3580 a.
495 3531 536 3584 aa.
552 3531 695 3601 Postquam
739 3527 910 3580 cntarcini
919 3525 1092 3578 Hasdrubalis
1099 3544 1170 3578 novo
1177 3547 1239 3580 cum

197 3608 696 3680 itaqneinsignem,quallomanornm
740 3609 858 3660 exercitu
878 3621 909 3657 es
931 3605 1022 3658 Africa
1043 3618 1237 3679 transgressus,

200 3697 289 3754 coepta
305 3685 450 3757 adjuvisset
458 3685 490 3740 in
506 3689 596 3756 Italia,
609 3691 696 3740 fortu-
741 3707 824 3760 quum
836 3689 863 3738 in
875 3684 1017 3740 Celtiberia
1028 3685 1103 3738 brevi
1113 3705 1238 3760 magnum

202 3779 264 3813 nam
275 3762 343 3818 libro
358 3770 491 3838 superiori
504 3769 697 3840 descripserat,
741 3766 880 3820 bominum
916 3781 1055 3816 nnmerum
1090 3757 1238 3836 armasset,

204 3859 275 3894 nunc
286 3845 321 3896 ita
331 3849 432 3918 pergit:
443 3849 500 3900 Nec
508 3861 596 3902 minen
608 3851 636 3901 in
645 3849 699 3901 Au·
742 3861 793 3901 etc.
805 3871 816 3894 ι
831 3847 885 3898 Liv.
897 3847 1022 3914 XXVIII,
1035 3863 1057 3898 t.
1067 3873 1104 3886 ν-
1112 3850 1239 3918 crepitan-

203 3922 290 3986 sonia,
301 3923 388 3990 ltalia,
398 3939 500 3978 tentum
512 3945 553 3980 ras
563 3928 674 3981 feliciter
682 3945 699 3979 a
744 3929 809 3982 tibus
819 3927 926 4001 opmt'na
939 3923 1184 3990 remansionem
1196 3931 1239 3982 vel

204 3999 371 4066 Dardanidis,
389 4004 415 4056 h.
433 4025 458 4056 e.
475 4007 614 4072 Romanis,
625 4025 700 4078 gere-
744 4009 891 4078 Hispanos,
905 4007 951 4076 qui
962 4005 1081 4076 pralium
1092 4005 1182 4058 inituri
1194 4007 1244 4081 cli«-¹

205 4075 318 4144 bantur,
340 4081 387 4133 scd
408 4086 487 4136 ctiam
508 4087 536 4138 in
556 4088 700 4162 Hispania,
746 4103 810 4157 peoa
828 4083 924 4156 alodiis
940 4081 1124 4158 pulsant,vid.
1142 4083 1177 4134 ad
1190 4085 1240 4149 III,
