2872 4644
305 367 369 454 494
541 363 756 430 BUSCHll
780 367 1122 438 ARGUMENTA.

313 539 315 547 ’
341 509 511 578 Conciliat:
525 507 598 568 iacit
610 507 685 569 hinc
697 508 788 570 ludos
800 511 978 593 Patruoque
989 515 1163 598 Patrique,

339 607 379 666 Et
391 599 500 685 repetit
511 599 638 660 Latium
648 597 734 659 fama
746 615 910 682 spargente
920 603 1135 687 triumphum.

719 751 821 794 Litai
843 753 933 796 ΠΗ.

379 873 539 933 Postremo
552 865 639 927 ldaeis
650 867 803 927 Diuorum
815 868 917 928 Mater
927 868 967 930 ab
979 870 1041 930 oris

339 956 510 1024 Advehitur
521 955 668 1028 Romam,
681 951 850 1037 Phrygiam
863 957 968 1016 Nasica
982 956 1142 1040 Cybellen

338 1047 472 1130 Excipit,
485 1055 515 1103 et
526 1057 593 1104 toto
606 1055 747 1104 censetur
759 1045 799 1104 ab
807 1045 922 1110 ¹ordine
934 1049 1063 1106 Petrum

339 1140 498 1225 Optimus,
510 1134 574 1216 ipse
586 1130 686 1193 alacer
697 1133 828 1218 Libyam
841 1135 904 1196 dux
916 1136 1015 1219 Scipio
1027 1137 1130 1197 classe

338 1229 481 1308 Navigat,
493 1236 523 1283 et
535 1220 633 1282 Sicula
646 1220 734 1282 latus
746 1222 875 1284 discedit
886 1223 926 1284 ab
938 1225 1037 1286 AEtna.

338 1325 442 1384 Castra
455 1313 570 1373 ducum
582 1309 739 1393 adgressus
751 1312 835 1373 ferro
847 1313 1043 1397 flammisque
1054 1315 1199 1376 duorum

339 1405 484 1478 conficit,
497 1400 699 1462 Hasdrubalis
710 1401 808 1462 victor
819 1403 1021 1486 Numidasque
1033 1402 1202 1488 Syphacis,

338 1504 476 1562 Verterat
487 1491 527 1553 ad
539 1493 650 1552 Poenos
661 1491 716 1574 qui
728 1490 853 1554 foederis
865 1495 1021 1556 inmemor
1033 1517 1138 1556 arma.

337 1591 391 1663 At,
403 1602 502 1667 quum
514 1592 582 1664 post
594 1579 675 1640 idem
689 1580 768 1640 vires
780 1595 1105 1664 reparassetetenses,
1378 1513 1381 1656 i

337 1674 495 1745 Vincitur,
507 1682 537 1728 et
548 1668 643 1728 Latiis
655 1681 803 1730 oneratur
815 1669 894 1730 colla
908 1671 1030 1732 catenis.

336 1759 546 1829 Hannibalem
559 1756 632 1818 binc
644 1771 792 1818 revocant
803 1760 921 1836 Patres,
934 1759 986 1821 sed
1000 1757 1139 1821 fulmina
1150 1757 1266 1836 vimque

336 1861 426 1920 Ferre
437 1851 546 1932 nequit
557 1851 637 1909 Latii
649 1850 776 1910 rectoris
787 1873 794 1909 :
802 1850 874 1932 jura
882 1851 1056 1934 jugumque

335 1951 511 2008 Romanum
524 1937 679 2021 Carthago
692 1941 791 2022 capit:
804 1941 866 2001 dux
879 1941 943 2024 ipse
954 1963 1091 2003 reversus

337 2035 404 2096 Alta
416 2026 623 2110 triumphanti
635 2029 754 2089 scandit
765 2030 918 2112 Capitolia
930 2051 1033 2092 curru.

296 2233 1318 2282 mmmmmmmmwffw

299 2415 1313 2534 suenosnmcauumiounnu

367 2655 413 2716 IN
435 2651 658 2713 SINGULOS
679 2650 840 2711 LIBROS
859 2652 966 2712 SlLll
987 2640 1261 2713 CATALEPSEh

632 2873 839 2914 carattrsrs
860 2875 963 2916 ΜΒΝ
984 2877 1006 2917 1.

333 3003 500 3060 Rationum
512 2992 563 3055 hic
575 3013 687 3069 cauete,
700 2993 861 3074 Poenoque
872 2993 993 3054 obsessa
1005 2993 1157 3074 Saguntos

333 3089 386 3146 Est
397 3084 488 3158 duce,
500 3081 615 3164 legatos
626 3081 729 3141 Latias
741 3100 811 3162 quoe
824 3081 920 3141 mittit
933 3078 973 3140 ad
984 3101 1061 3142 oras.

733 3233 834 3274 urent
858 3234 896 3273 ΙΙ.

331 3355 504 3414 Romanam
517 3348 661 3433 prohibet
672 3369 783 3411 navem
795 3351 975 3430 confingam
986 3361 1093 3432 portus

332 3437 509 3501 Hannibal:
521 3436 594 3498 huic
607 3437 722 3521 clipeus
734 3436 840 3513 datur,
854 3450 883 3497 et
894 3437 957 3497 ruit
968 3436 1030 3497 alta
1042 3439 1197 3518 Saguntos

722 3591 824 3631 Lisai
846 3591 903 3630 111.

330 3706 430 3769 Gades
442 3706 557 3766 Poenus
570 3703 649 3781 adit,
661 3717 758 3766 sortes
769 3705 847 3787 petit
858 3723 983 3785 aequore
994 3703 1116 3776 Bostar,

328 3800 398 3858 Dux
410 3795 499 3880 Alpes
510 3808 648 3879 superat,
659 3795 803 3857 Taurinis
814 3793 869 3874 qui
882 3793 965 3853 sedet
976 3791 1066 3853 arvis.

671 3939 673 3944 '
727 3947 828 3989 trent
851 3947 898 3986 iv.

326 4061 425 4120 Ticini
437 4059 537 4118 clades
549 4059 686 4134 canitur,
698 4059 878 4139 Trebiaque
889 4058 994 4130 ruina,

326 4151 384 4210 llic
395 4151 595 4232 Apenninum
606 4149 717 4210 mansit
727 4168 799 4210 cum
811 4147 909 4208 milite
921 4147 1044 4208 Poenus.
