2930 4644
359 403 422 467 DE
445 401 563 476 SILll
587 399 701 463 VlTA
724 399 787 462 ΕΤ
810 399 1041 462 CARMINE.
1159 395 1223 484 469

178 537 342 602 discrimen
356 541 532 624 planissime
543 550 787 620 cognosceretur.
801 538 837 596 ln
850 537 913 619 ipso
925 552 1027 598 autem
1039 551 1227 598 commenta·

180 628 227 687 riu
242 627 299 690 boc
314 629 504 711 potissimum
518 628 581 708 egi,
603 639 651 699 ut,
669 644 869 706 quacumque
882 625 1021 684 nondum
1038 625 1077 704 ab
1092 624 1156 684 aliis
1171 637 1226 684 aut

178 727 272 789 recte,
287 730 342 777 aut
350 717 422 776 satis
432 717 588 798 perspicue
596 715 731 795 exposita
741 726 771 772 et
780 713 931 772 illustrata
942 726 1052 788 essent,
1062 733 1119 794 pro
1131 711 1225 773 iacul-

178 813 242 860 tate
255 823 322 863 mea
336 804 506 865 accuratius
520 800 727 876 enuclearem,
743 819 800 860 nec
815 799 986 881 quidquam
1000 802 1129 860 omniuo
1142 800 1224 859 inex-

178 890 328 970 plicatum
341 894 559 976 relinquerem,
573 893 606 950 in
621 911 683 972 quo
693 888 807 950 haerere
822 903 942 971 possent
953 891 988 963 ii,
1004 890 1056 970 qui
1069 888 1106 949 ad
1118 887 1224 948 Silium
1303 885 1309 891 ’

177 977 343 1058 legendum
355 983 605 1054 admitterentur,
618 977 679 1039 hoc
690 993 750 1053 ast,
760 977 1035 1059 jamaliquantum
1047 977 1080 1037 in
1092 976 1152 1036 hoc
1163 976 1227 1037 lite·

180 1087 286 1129 rarum
300 1093 410 1152 genere
423 1073 533 1132 versati
547 1083 576 1130 et
590 1069 738 1150 provecti,
754 1087 854 1147 neque
869 1079 975 1127 tamen
991 1066 1111 1127 eruditi.
1130 1067 1227 1145 Atque

178 1155 212 1215 in
225 1157 450 1220 obscurioribus
465 1160 537 1219 locis
548 1179 618 1220 eam
631 1156 694 1216 fere
705 1158 855 1216 rationem
868 1168 986 1216 secutus
1001 1175 1084 1229 sum,
1097 1167 1132 1214 ut
1145 1154 1229 1215 uude

177 1243 343 1308 difficultas
356 1247 547 1329 intelligendi
557 1257 631 1306 nata
640 1247 692 1320 sit,
704 1257 734 1305 et
742 1245 899 1326 quomodo
911 1243 1010 1304 nodus
1018 1243 1152 1325 expediri
1163 1259 1227 1325 pos·

181 1333 235 1408 sit,
255 1337 456 1398 ostenderem.
480 1339 517 1396 ln
533 1338 713 1394 universum
726 1353 799 1393 vero
816 1333 846 1393 id
864 1355 990 1416 operam
1007 1333 1091 1408 dedi,
1112 1344 1228 1392 utnon

180 1423 274 1484 modo
283 1441 404 1508 poetam
415 1447 451 1486 ex
460 1425 607 1499 historia,
621 1421 830 1506 mythologie,
845 1423 1037 1505 antiquitatis
1047 1422 1184 1496 scientia,
1199 1434 1229 1482 et

180 1512 367 1595 geographia
377 1515 578 1588 illustrarem,
588 1511 638 1572 sed
649 1512 741 1570 etiam
752 1513 784 1571 in
795 1533 840 1586 ea,
850 1532 919 1591 quse
928 1511 990 1572 sive
1000 1508 1143 1594 pulchra,
1154 1529 1230 1592 proe·

181 1596 263 1659 clara
272 1612 302 1658 et
312 1600 470 1675 sublimia,
484 1599 546 1659 sive
556 1618 667 1680 prava,
681 1599 788 1657 tenuia
801 1611 830 1658 et
840 1597 987 1679 languida
996 1611 1107 1671 essent,
1120 1598 1152 1656 in
1165 1595 1229 1657 Silii

182 1701 279 1747 artem
294 1701 324 1748 et
337 1689 526 1764 doctrinam,
548 1688 580 1746 in
592 1687 737 1747 orationis
751 1687 876 1768 poeticae
890 1702 1051 1762 ornatum,
1073 1690 1106 1748 in
1120 1686 1230 1746 verbo·

182 1797 253 1837 rum
268 1778 440 1839 ubertatem
462 1779 576 1860 (quam
592 1789 711 1850 tamen,
734 1776 817 1858 quod
832 1799 924 1858 supra
934 1777 1000 1860 jam
1017 1778 1142 1853 monui,
1165 1797 1230 1836 non

182 1864 339 1941 omnibns,
354 1861 466 1948 quibus
481 1879 633 1948 poteram,
651 1863 725 1924 loeis
740 1865 860 1939 notavi,
875 1883 915 1924 ne
931 1865 1082 1946 magistris
1097 1883 1232 1924 commo·

182 1950 339 2014 dissimum
353 1956 467 2037 ingenii
475 1954 644 2037 judiciique
653 1952 798 2034 juvenilis
810 1953 939 2014 acuendi
953 1954 1143 2014 occasionem
1158 1973 1234 2035 prae·

183 2039 344 2123 ciperem),
359 2044 392 2102 in
404 2043 627 2102 sententiarum
640 2053 672 2100 et
683 2039 935 2122 phantasmatum
947 2042 1127 2101 suavitatem
1142 2063 1176 2100 ac
1187 2039 1232 2099 di·

180 2130 345 2210 gnitatem,
368 2132 401 2192 in
419 2153 523 2192 rerum
539 2130 767 2211 verborumque
778 2145 977 2206 ornamenta,
991 2152 1028 2191 ex·
1041 2133 1144 2205 Livio,
1162 2131 1230 2190 Vir-

180 2219 269 2300 gilio,
280 2223 417 2283 Homero
429 2221 556 2303 aliisque
565 2222 661 2304 poetis
670 2220 718 2281 vel
728 2204 865 2302 egloga,
879 2221 928 2282 vel
938 2241 1077 2303 perversa
1087 2233 1117 2282 et
1121 2220 1229 2302 jejuna

179 2309 352 2372 imitatione
366 2312 565 2385 adumbrata,
580 2311 731 2371 lectorum
744 2323 879 2372 mentem
894 2331 1077 2392 sensumque
1091 2310 1227 2371 intende

180 2417 253 2457 rem.
270 2397 305 2458 ln
322 2420 386 2480 quo
402 2421 475 2461 eum
488 2399 605 2460 servavi
621 2396 764 2474 modum,
783 2410 818 2460 ut
834 2399 986 2482 poeticum
1001 2409 1171 2457 sermonem
1189 2397 1226 2456 ed

179 2485 340 2566 vulgarem
353 2490 583 2572 pedestremque
598 2507 785 2565 revocarem,
806 2488 964 2550 locavero
980 2487 1111 2548 aliorum
1128 2498 1229 2546 aucto-

180 2567 267 2650 rum,
282 2597 300 2636 a
313 2579 385 2638 Silio
398 2601 550 2664 expressa,
561 2579 744 2662 plerumque
755 2579 842 2639 nullo
849 2579 966 2661 judicio
977 2578 1170 2659 interposito,
1183 2577 1228 2634 in·

182 2659 331 2740 dicarem,
346 2667 506 2748 ipsamque
521 2667 785 2749 comparationem
795 2665 961 2748 legentium
971 2665 1088 2746 judicio
1105 2663 1229 2745 permit·

183 2763 288 2811 terem.
302 2757 446 2816 Ceterum
461 2757 590 2817 inomni
604 2756 709 2816 labore
723 2777 792 2817 meo
805 2755 863 2816 hac
874 2757 993 2816 ratione
1006 2775 1080 2814 usus
1094 2771 1178 2826 sum,
1193 2765 1228 2810 ut

182 2839 319 2922 aliquam
329 2847 473 2907 carminis
483 2860 603 2928 partem
612 2847 677 2928 ipse
686 2846 725 2907 ad
735 2867 859 2906 sensum
869 2867 973 2905 meum
982 2844 1130 2925 explicare
1139 2861 1229 2901 eona·

182 2949 233 2988 rer
242 2943 327 3008 ante,
340 2955 434 3015 qnam
444 2937 623 3017 interpretes
632 2947 662 2995 et
671 2947 823 2996 vetereset
832 2935 1015 2996 recensiores
1024 2930 1227 2994 consulerem.

182 3017 219 3075 ln
235 3039 298 3099 quo
314 3021 439 3100 quidem
456 3020 531 3081 milri
548 3021 655 3082 eadem
672 3021 870 3103 profuerunt,
893 3041 962 3102 quae
981 3020 1038 3080 sibi
1052 3017 1230 3100 adjumento

180 3105 274 3167 fuisse
285 3108 330 3168 cl.
343 3109 462 3170 Ernesti
477 3111 510 3170 in
524 3109 613 3170 Praef.
629 3131 698 3192 pag.
714 3131 762 3184 vr,
776 3107 938 3192 profitetur
948 3107 996 3168 his
1008 3106 1125 3167 verbis:
1140 3129 1153 3161 rr
1164 3105 1229 3165 Pri·

180 3217 269 3257 mum
289 3199 321 3258 in
340 3212 428 3258 tanta
442 3201 572 3281 penuria
585 3214 615 3259 et
629 3201 755 3260 raritate
770 3201 987 3281 interpretum,
1005 3196 1044 3257 de
1061 3209 1122 3280 qua
1136 3217 1230 3278 supra

180 3284 257 3361 dixi,
272 3309 371 3369 quum
386 3279 541 3349 nerninem
553 3287 714 3363 haberem,
727 3288 813 3370 cujus
826 3288 873 3350 vel
886 3287 1066 3349 auctoritate
1076 3305 1229 3362 moverer,

181 3375 228 3433 vel
241 3375 384 3437 doctrina
397 3378 616 3453 conturbarer,
628 3377 768 3460 proiecto
783 3379 893 3439 melius
906 3397 1029 3437 sensum
1041 3397 1144 3438 meum
1157 3395 1230 3436 con·

183 3463 346 3547 siliumque
366 3459 521 3550 persequi,
542 3481 572 3528 et
593 3467 715 3548 singula
732 3467 918 3528 luculentius
936 3465 1051 3538 videre,
1073 3479 1102 3523 et
1120 3463 1230 3524 rectius

183 3544 331 3634 explicare
344 3569 501 3638 poteram:
516 3556 627 3616 deinde
637 3577 734 3638 quum
747 3555 835 3616 Silius
845 3555 884 3616 ad
895 3553 1014 3635 Virgilii
1023 3554 1230 3613 imitationem

184 3659 214 3698 se
233 3641 275 3700 ita
288 3645 524 3726 composuisset,
545 3657 593 3712 ut,
613 3645 636 3704 si
655 3645 702 3704 ab*
710 3644 884 3726 argumenti
901 3643 1049 3702 varietate
1062 3642 1231 3717 recesseris,

184 3729 307 3787 nullum
321 3745 395 3792 essct
406 3745 471 3792 tam
486 3733 518 3791 in
534 3730 640 3806 rebus,
655 3753 750 3813 quam
764 3732 797 3790 in
809 3731 909 3791 verbis
923 3743 1050 3792 ornatus
1063 3729 1172 3810 poetici
1185 3749 1231 3810 ge·

185 3835 259 3890 nus,
274 3816 359 3899 cujus
373 3821 481 3882 nonin
493 3820 604 3881 illovel
619 3821 794 3902 exemplum
807 3821 857 3880 vel
868 3822 1032 3901 vestigium
1047 3819 1172 3901 aliquod
1185 3841 1234 3882 ex-
1338 3817 1353 3834 ⁸

186 3923 323 3984 pressum
342 3921 431 3982 esset,
452 3910 564 3992 Heynii
585 3908 742 3989 inprimis,
764 3909 831 3967 viri
850 3908 983 3984 Summi,
1009 3907 1232 3988 elegantissima

185 3991 326 4053 doctrina
344 3996 377 4054 in
395 3996 523 4078 Virgilio
536 3997 690 4057 declarata
706 3997 824 4073 effecit,
845 4011 881 4058 ut
896 3997 1078 4058 brevitatem
1096 3998 1161 4056 sine
1178 3994 1231 4054 ob·

185 4082 337 4141 scuritatis
346 4085 392 4143 vel
404 4085 595 4166 negligentia
609 4086 746 4168 periculo
756 4089 834 4146 tueri
844 4107 973 4169 possem.
983 4111 997 4142 u
1010 4085 1136 4164 Quoties
1145 4097 1231 4155 reru,

185 4191 253 4254 quse
263 4169 315 4231 alii
321 4171 388 4256 jam
397 4187 635 4256 occupaverant,
649 4178 768 4251 notari,
780 4195 914 4259 semper,
926 4175 1037 4258 quibus
1045 4191 1079 4234 ea
1089 4169 1232 4230 deberem
