2930 4644
337 423 399 488 DE
421 414 678 518 SILIIVITA
701 413 764 477 ET
786 410 1019 508 cluntre.
1140 411 1201 494 465

162 565 243 626 semi
252 565 286 626 Id
297 562 422 646 quidem
432 561 471 620 ab
479 559 567 620 initio
576 555 654 618 mihi
663 556 856 638 propositum
866 553 956 616 fuisse
964 569 993 615 et
1004 559 1209 622 constitutum

164 673 229 712 non
243 650 387 712 diffiteor.
402 647 458 708 Sed
473 646 572 706 varias
585 641 703 704 consilii
719 641 861 702 mutandi
876 642 1006 702 rationes
1017 641 1127 721 habui,
1143 668 1211 728 quae

165 739 189 798 si
201 738 240 799 ad
252 758 376 799 causam
387 753 489 796 meam
499 728 726 810 deiendepdam
737 748 801 789 non
813 725 986 802 sufficiunt,
1001 731 1095 791 veniae
1105 744 1211 796 tamen

168 847 268 909 spem,
280 826 416 906 aliquam
428 835 522 896 certe,
537 819 614 880 milri
630 818 807 880 ostendunt.
822 817 902 877 Nam
918 818 1054 899 primum
1067 821 1215 903 ejusmodi

169 914 321 976 delectum
331 933 403 974 cum
413 909 528 992 judicio
541 905 646 968 subtili
657 903 804 964 adhibere
815 905 945 964 omnino
959 904 1129 986 plurimum
1140 909 1218 970 diffi-

171 1003 292 1064 cultatis
305 1001 411 1076 habet,
425 1013 455 1060 et
468 997 589 1060 facilius
602 1009 660 1070 est,
674 1008 710 1056 ut
722 995 755 1054 in
767 996 861 1054 omni'
869 1015 915 1070 re,
930 995 973 1053 ita
988 1007 1017 1054 et
1030 996 1063 1056 in
1078 996 1150 1073 hac,
1163 1001 1221 1060 uti·

171 1093 213 1155 les
222 1094 417 1174 egregiasque
426 1089 504 1170 leges
515 1085 609 1162 ferre,
622 1105 717 1165 quam
729 1103 848 1144 servare
859 1097 888 1143 et
898 1082 937 1143 ad
946 1103 1037 1143 usum
1047 1087 1220 1150 transferre.

171 1181 306 1257 Deinde,
323 1179 408 1262 quod
421 1179 487 1260 jam
503 1197 598 1258 supra
611 1173 763 1256 professus
776 1193 860 1247 sum,
877 1172 908 1232 id
925 1193 1033 1234 curare
1048 1187 1078 1235 et
1093 1175 1179 1237 volui
1195 1191 1224 1238 et

173 1269 282 1344 debui,
301 1281 349 1341 ut,
372 1267 425 1348 qui
442 1263 523 1324 liano
539 1263 596 1322 sibi
610 1273 733 1343 pararet
745 1259 924 1334 editionem,
947 1261 1069 1340 reliquis
1082 1265 1226 1324 omnibus

174 1379 278 1422 carere
292 1369 399 1439 posset.
422 1357 570 1416 Praeterea
584 1371 647 1411 nou
662 1350 793 1410 deerunt
808 1363 887 1410 certe
902 1351 960 1408 viri
976 1350 1071 1426 docti,
1093 1355 1147 1434 qui
1161 1375 1227 1414 om·

176 1469 248 1510 nem
256 1447 441 1528 adparatum
448 1439 778 1502 eritioumdesiderentt
788 1439 1005 1522 oppidopauci
1013 1455 1116 1501 autern
1125 1457 1227 1518 erunt,

180 1537 234 1616 qui
247 1536 346 1614 ipsam
360 1529 517 1591 Drakenb.
533 1527 717 1601 editionem,
738 1545 807 1606 quae
822 1537 852 1584 et
864 1540 937 1584 rara
950 1539 1010 1601 est,
1030 1540 1059 1587 et
1077 1531 1231 1591 carissime

180 1634 314 1698 constat,
331 1619 489 1684 consulere
506 1617 621 1679 possint
638 1629 669 1675 et
686 1615 725 1675 ad
742 1633 872 1676 manum
891 1613 1035 1676 habeant.
1057 1619 1148 1699 Atqui
1167 1639 1231 1680 non

182 1710 422 1772 adolescentibus
429 1721 570 1781 tantum,
583 1705 634 1766 aed
643 1723 753 1766 eorum
763 1705 854 1764 etiam
864 1707 1027 1786 magistris,
1041 1711 1232 1770 automnino

182 1799 397 1864 eruditioribus
410 1797 594 1879 longiusque
606 1797 639 1855 in
653 1793 701 1855 his
714 1795 807 1856 literis
823 1797 1065 1877 pmveetis,sive
1076 1799 1233 1880 prodesse,

184 1891 246 1952 sive
254 1895 378 1970 gratum
387 1887 486 1947 lacere
494 1900 525 1945 et
536 1903 660 1967 operam
672 1905 772 1944 meam
782 1882 1035 1966 diligentiamque
1043 1888 1174 1968 probare
1184 1909 1234 1948 cu-

185 1977 316 2061 piebam.
330 1975 414 2050 Quin
425 1973 574 2054 juvenum
588 1991 728 2052 quoque,
742 1991 849 2031 eorum
864 1971 1019 2052 inprimis,
1034 1973 1088 2053 qui
1098 1972 1164 2055 jam
1180 1975 1234 2034 ali·

185 2065 383 2150 quantumin
394 2063 489 2124 literis
502 2060 667 2144 profecere,
680 2075 710 2120 et
723 2060 761 2119 ad
773 2059 914 2120 animum
925 2061 1027 2148 potius
1038 2062 1235 2144 poliendum,

184 2152 328 2236 quemad
339 2153 452 2213 victum
462 2147 679 2232 quaerendum,
689 2147 790 2208 studia
800 2147 947 2224 referunt,
960 2149 1089 2210 omnino
1099 2151 1234 2228 interest,

183 2243 320 2324 aliquem
333 2239 371 2300 de
386 2241 541 2300 variarum
554 2237 721 2299 lectionum
736 2238 868 2312 ratione,
881 2239 1012 2319 origine,
1026 2257 1083 2300 usu
1096 2253 1124 2300 et
1135 2240 1234 2322 digni·

184 2345 260 2407 tare,
270 2329 429 2416 judicandi
439 2329 616 2391 facultatem
629 2329 786 2411 consequi,
797 2341 827 2388 et
837 2327 996 2388 medicina
1006 2331 1156 2416 corruptis
1165 2330 1236 2397 locis

187 2420 369 2484 adhibendo
377 2421 581 2500 sagacitatem,
589 2413 912 2500 criseosqnefaeiendle
921 2427 1045 2499 piratam
1053 2419 1110 2478 sibi
1118 2440 1237 2501 parare.

188 2512 258 2570 Ilus
272 2505 403 2582 adsedit,
415 2505 497 2586 quod
508 2505 669 2567 manifesta
680 2516 845 2587 operarum
854 2505 927 2563 viiia
937 2506 1058 2564 enotavi
1068 2515 1163 2586 quam
1172 2507 1239 2567 bre·

189 2598 309 2658 tissime
317 2595 560 2678 ›potoi,·neenisi
572 2607 670 2654 unam
682 2604 736 2652 aut
747 2593 823 2656 duas
836 2593 876 2652 dd
887 2590 1045 2653 summum
1057 2593 1196 2676 plagulas
1206 2597 1241 2655 iis

192 2684 342 2766 compleri
352 2683 552 2744 crediderim:
567 2683 624 2743 nisi
636 2681 795 2764 vulgatam
806 2683 983 2758 lectionem,
997 2683 1068 2763 quia
1081 2703 1160 2765 saepe
1168 2683 1243 2748 inde

146 2767 150 2776 ⁴
194 2787 263 2836 orta
282 2771 636 2848 summonuistis,
656 2791 750 2854 quam
764 2775 867 2832 timeo
883 2771 1001 2832 silentio
1016 2775 1244 2855 pretermittere

194 2883 260 2928 non
272 2863 373 2950 potui,
387 2859 437 2920 sed
449 2859 556 2922 eedem
567 2862 716 2922 brevitate
726 2859 918 2939 infficavi,‘et
928 2861 1051 2943 quidem
1063 2883 1135 2923 voce
1143 2863 1243 2946 vulpe,

195 2954 242 3016 rel
258 2950 333 3034 υιιίφ.
348 2950 396 3011 rel
412 2967 488 3024 nou,·
507 2947 535 3011 r.
554 2969 579 3010 e.
591 2949 686 3012 *oeulis
699 2964 743 3011 est
756 2951 891 3033 vulgaris
908 2952 995 3012 lectio
1012 2952 1063 3012 lib.
1081 2953 1167 3028 VIII,
1192 2956 1245 3035 73,

193 3041 249 3104 ubi
261 3038 326 3100 haec
339 3057 437 3118 pauca
452 3035 572 3097 notavi:
591 3063 604 3093 u
614 3039 724 3113 mulos,
740 3037 920 3114 norvenos,
936 3040 1038 3123 scripti
1048 3065 1062 3094 n
1085 3039 1147 3100 scil.
1165 3033 1244 3102 exhi·

195 3133 270 3194 bent
278 3127 361 3189 libri.
371 3127 511 3208 Denique
519 3129 592 3209 ipsse
602 3127 801 3188 librariorum
811 3129 991 3210 corruptelae
1001 3128 1135 3189 multum
1143 3130 1246 3191 valent

196 3221 234 3282 ad
246 3239 354 3280 ueram
368 3217 543 3292 lectionem,
559 3218 645 3299 cujus
659 3219 784 3298 vestigia
796 3219 828 3276 in
842 3219 877 3276 iis
891 3219 1002 3293 latent,
1017 3219 1063 3279 vel
1076 3221 1245 3282 eruendum

196 3309 242 3369 vel
256 3305 512 3374 oonfimrandqm.
525 3305 615 3364 Cant.
631 3306 750 3364 Ernesti
766 3303 854 3364 Praei.
868 3305 962 3365 Taciti
976 3327 1044 3387 pag.
1057 3325 1078 3363 v
1093 3328 1157 3388 sqq.

237 3401 349 3458 Proser
366 3395 466 3454 varias
486 3393 630 3456 lectiones
644 3395 735 3453 etiam
753 3395 940 3474 conjecturas
956 3408 986 3456 et
1003 3396 1246 3471 emendationes,

199 3487 237 3546 ab
250 3487 455 3567 interpretum
468 3495 499 3541 et
509 3481 662 3541 editorum
677 3482 741 3541 Silii
757 3482 885 3562 ingeniis
901 3481 1063 3564 profectas,
1079 3487 1249 3543 memoravi

200 3593 318 3644 omnes,
330 3571 381 3631 sed
393 3569 577 3651 plerumque
586 3569 633 3628 vel
644 3568 744 3642 nullo,
759 3570 806 3628 vel
817 3571 994 3630 brevissimo
1004 3584 1127 3630 tantum
1132 3571 1248 3651 judicio

201 3661 391 3741 interposito,
405 3673 441 3718 ut
453 3661 592 3720 virorum
606 3658 765 3718 doctorum
781 3662 917 3734 reniam,
932 3659 956 3720 si
971 3677 1038 3719 non
1049 3659 1205 3742 diligentia
1220 3674 1250 3721 et

100 3823 104 3830 ἱ
203 3749 318 3821 undio,
330 3761 435 3808 tamen
449 3749 596 3810 brevitate
609 3748 805 3824 redimerem,
820 3759 850 3807 et
864 3748 955 3808 editio
967 3770 1034 3816 mea
1047 3763 1171 3816 cunctas
1184 3751 1250 3834 qui·

203 3839 273 3899 dem
288 3837 419 3897 aliarum
431 3858 501 3920 opes
512 3840 695 3913 contineret,
711 3859 766 3898 nee
779 3853 882 3898 tamen
898 3839 961 3920 ejus
973 3838 1066 3898 moles
1079 3854 1108 3898 et
1117 3843 1251 3922 pretium

206 3925 297 3988 nimir
311 3939 484 4004 augeretur.
498 3929 542 3987 De
555 3940 637 3988 textu
652 3925 738 4000 Silii,⁴
749 3937 784 3986 ut
798 3925 926 3985 aliorum
943 3939 1116 4008 poetarum,
1134 3930 1251 4009 optime

206 4011 334 4076 meritus
349 4011 473 4070 arsitio.
490 4013 647 4084 Heinsius,
669 4011 755 4093 cujus
769 4013 998 4073 emendationes
1013 4015 1155 4072 omnium
1169 4013 1252 4070 haud

206 4099 301 4169 dubie
316 4097 497 4158 doetissimoe
512 4114 583 4160 sunt
596 4113 688 4181 atque
704 4101 967 4181 ingeniosissimae;
984 4102 1091 4182 saepius
1105 4101 1212 4168 etiarn,
1230 4100 1252 4155 si
1315 4151 1320 4164 ,

205 4188 245 4250 ad
261 4198 357 4248 rectas
368 4185 479 4246 criticae
492 4188 564 4248 artis
576 4187 655 4268 leges
668 4189 841 4270 erigantur,
856 4211 913 4272 pro
926 4191 1016 4250 unice
1030 4187 1107 4316 peris
1121 4183 1255 4244 lectioni·

277 4287 299 4323 tt.
1049 4283 1066 4315 0
