2956 4670
496 372 810 442 PUNlCORUM
834 373 926 437 ΗΒ.
950 371 1036 439 xtt.

251 509 472 603 Parthenope,
485 535 554 580 non
566 513 659 580 divee
671 535 788 602 opum,
803 535 870 576 non
882 527 993 601 spreta
1004 511 1125 602 vigoris
1137 535 1144 576 :

226 621 232 634 '
248 613 312 678 Sed
324 635 439 705 portus
453 636 578 685 traxere
592 619 711 686 ducem
724 639 838 685 secura
850 617 1016 684 volentem

247 721 405 811 AEquora,
418 748 492 816 quae
505 741 633 814 peteret
644 724 782 790 veniens
794 723 989 812 Carthagine
1002 722 1132 813 puppis.
1261 733 1290 781 30

248 825 343 893 Nunc
354 831 469 896 molles
482 831 556 896 urbi
568 832 665 910 ritus,
678 847 778 921 atque
789 828 921 918 hospita
932 829 1038 894 Musis

248 931 336 1014 Otia,
350 953 383 1000 et
395 953 560 1003 exemtum
573 938 659 1003 euris
672 935 876 1026 gravioribus
888 955 1007 1000 aevum.

279 1137 316 1184 28.
338 1141 416 1190 Verba
440 1161 485 1190 uon
507 1153 583 1208 spreta
606 1148 688 1210 ripam
710 1156 820 1206 compta
842 1143 981 1192 videbantur
998 1139 1090 1188 Harthio
1110 1141 1170 1187 hdr.
1190 1141 1231 1196 Ν,
1253 1155 1293 1196 ¹⁰5

247 1205 288 1252 ubi
304 1207 362 1258 hanc
380 1214 476 1276 putabat
492 1227 567 1278 poetae
586 1228 686 1264 mentem
705 1231 769 1271 erae,
787 1229 835 1260 nou
852 1225 949 1276 propter
965 1228 1034 1275 oper,
1053 1226 1097 1258 nee
1116 1210 1180 1274 quod
1196 1209 1294 1271 gloriam

248 1291 276 1322 ex
292 1281 387 1327 viatoria
401 1297 527 1346 quareret,
540 1287 615 1332 Hann.
629 1287 660 1334 ed
675 1286 788 1348 Neapolin
803 1285 914 1340 meritae,
933 1284 975 1330 aed
990 1294 1072 1346 portua
1089 1284 1170 1344 gratia.
1189 1281 1294 1343 negandi
1372 1319 1377 1336 ,

246 1363 303 1396 vero
319 1355 430 1412 particula
446 1358 587 1404 ennuntiurn
601 1357 680 1405 infert.
698 1359 756 1405 Hinc
771 1370 794 1405 et
811 1367 858 1404 tum
873 1365 949 1422 spreta
964 1358 1046 1419 va'qan'e
1064 1356 1148 1415 corrig.
1169 1351 1198 1398 ll.
1213 1353 1291 1398 Heina.

247 1435 291 1464 ''⁰''
299 1420 362 1479 lma,
373 1426 410 1471 tel
419 1427 518 1490 nonseta
527 1433 607 1493 viperis
617 1431 694 1476 Hurm.
706 1445 750 1476 non
761 1446 829 1494 aspro
839 1431 896 1492 (pro
905 1429 998 1492 nepem)
1008 1429 1088 1490 viperis
1095 1424 1184 1472 Marcil.
1194 1424 1225 1472 ad
1233 1425 1290 1471 Hor.

246 1491 319 1553 Epod.
327 1495 354 1539 V.
364 1497 409 1542 Sed
416 1499 521 1546 omnibus
532 1497 568 1546 hia
581 1515 628 1546 non
641 1515 713 1563 opua3
726 1515 802 1563 neque
811 1517 838 1548 ea
846 1500 906 1546 lorte
914 1502 938 1545 in
947 1511 1048 1545 mentem
1056 1499 1170 1544 reniteant
1177 1497 1230 1542 viria
1240 1496 1294 1543 doe-

247 1563 289 1620 n'a,
302 1568 345 1612 niel
356 1567 385 1613 de
397 1569 455 1616 urbe
467 1572 514 1616 otio
526 1587 553 1618 ae
564 1571 657 1618 mollitie
667 1571 786 1620 diffluente
796 1574 942 1634 cogitauerit.
952 1571 998 1620 Sed
1007 1583 1078 1634 poeta
1088 1571 1138 1632 ipae
1147 1581 1261 1616 memorat
1270 1583 1293 1615 v.

246 1635 273 1688 ll
287 1650 337 1699 teq.
351 1650 374 1684 et
385 1639 412 1686 53
425 1656 473 1703 aeq.
484 1641 646 1705 Neapolitanos
656 1642 747 1690 fortiter
756 1643 810 1690 olim
822 1641 942 1689 Hannibali
955 1657 1107 1705 repugnasse,
1117 1656 1179 1688 nunc
1189 1656 1245 1687 uero
1257 1643 1293 1699 (v.

247 1703 289 1762 3¹,
303 1706 355 1768 32.)
368 1711 391 1756 in
403 1714 451 1758 otio
462 1715 554 1766 uitem
565 1713 596 1758 el.
609 1725 657 1761 not.
672 1739 705 1750 -
717 1713 756 1761 3ο.
768 1731 826 1779 quos
835 1723 923 1780 peteret
931 1717 1016 1776 eutpie.
1030 1716 1057 1758 tt.
1071 1714 1151 1758 Heina.
1163 1725 1190 1758 ut
1200 1713 1230 1762 ad
1240 1727 1295 1775 por»

248 1783 284 1820 tus
297 1776 432 1826 referretur.
445 1781 490 1828 Sed
503 1779 594 1828 doctior
602 1782 663 1829 forte
675 1783 775 1846 vulgata.
785 1811 817 1822 -
828 1785 866 1832 31.
877 1787 945 1832 Nunc
956 1783 1005 1830 Col.
1017 1785 1060 1830 01.
1074 1795 1096 1828 et
1105 1781 1163 1828 Tell.
1174 1797 1228 1830 cum
1238 1781 1292 1829 edd.

247 1845 332 1904 Marri,
342 1850 406 1913 qnod
415 1865 478 1900 reete
487 1853 593 1916 probavit
604 1855 633 1900 tt.
644 1857 724 1902 Heine.
737 1857 789 1904 coll.
803 1873 825 1904 v.
839 1857 885 1919 396
896 1872 931 1919 eq.
945 1869 968 1902 et
976 1854 1056 1917 virgil.
1067 1857 1116 1901 ΕΠ·
1128 1856 1165 1910 Π,
1179 1869 1216 1910 ’ῑι
1230 1857 1295 1918 (qui-

247 1915 290 1962 hua
301 1915 356 1966 loeis
368 1921 422 1969 add.
437 1940 489 1988 aup.
502 1927 525 1982 l,
539 1925 597 1986 ²93)
615 1941 640 1973 ut
651 1939 720 1989 poeta
736 1942 790 1990 agat
806 1929 835 1975 de
851 1945 894 1976 auo
911 1939 1030 1990 tempore,
1042 1942 1090 1988 quo
1106 1925 1181 1974 studia
1195 1925 1295 1973 maxime

246 1985 341 2049 Neapoli
353 1990 441 2037 exculta
452 1994 504 2040 tint.
521 1991 586 2040 tdem
598 2006 621 2042 et
634 1997 687 2041 Iam
700 1995 779 2044 molles
789 1997 834 2060 legi
850 2013 919 2060 poete
931 1996 1099 2052 arbitrabatnt3
1112 1995 1143 2042 el.
1156 1996 1186 2042 ad
1197 1995 1241 2054 lll,
1253 1994 1292 2052 Aa.

246 2163 449 2230 temporumque
459 2161 562 2214 ratione
573 2160 746 2228 habita,me·
790 2163 889 2228 naeiie,
911 2159 1039 2227 theatris,
1061 2157 1207 2231 agonibus,
1227 2168 1293 2223 ete,

246 2235 374 2301 muravit,
388 2256 446 2309 qun
458 2242 582 2312 graviora
591 2239 745 2294 viderentur
790 2259 901 2314 operam
912 2240 1023 2294 darent:
1039 2237 1111 2290 unde
1128 2250 1155 2290 et
1169 2255 1253 2308 cupra
1266 2255 1291 2288 v.

246 2326 401 2368 ornatumve
412 2321 516 2389 epicum
528 2319 708 2386 admitterent,
719 2333 745 2372 et
791 2339 839 2391 27,
850 2321 921 2374 mitis
935 2320 1101 2390 Parthenope
1106 2341 1116 2382 ,¹
1131 2319 1203 2370 conf.
1213 2317 1292 2370 Orid.

247 2389 274 2440 in
288 2391 378 2460 ltalia,
392 2414 447 2448 non
460 2411 533 2450 extra
547 2417 620 2464 eam,
639 2400 666 2451 in
683 2401 745 2451 llis-
789 2401 853 2452 Met.
864 2401 921 2466 XV,
937 2415 983 2469 711
994 2420 1000 2461 ς
1012 2397 1129 2451 Martial.
1140 2399 1173 2462 V,
1185 2397 1232 2467 78;
1244 2399 1294 2449 Pe·

245 2472 340 2539 pania,
352 2488 431 2545 gestae
441 2491 536 2532 eseent.
547 2480 586 2530 De
596 2477 649 2530 hoe
659 2490 745 2550 poetae
789 2492 859 2530 tron.
877 2477 931 2530 Sat.
952 2497 975 2529 e.
990 2477 1018 2539 5;
1030 2478 1110 2548 ·Virg.
1137 2475 1233 2548 Georg.
1244 2477 1280 2528 Ν
1285 2513 1294 2540 ,

246 2566 320 2603 more
333 2551 445 2607 disserui
457 2558 485 2607 in
496 2559 598 2610 Comm.
611 2556 645 2609 de
656 2560 710 2609 vita
720 2571 746 2610 et
790 2558 857 2626 5643
868 2557 932 2610 Stat.
945 2555 1007 2610 silv.
1018 2559 1065 2622 ΠΙ,
1078 2575 1108 2624 v,
1120 2555 1154 2608 85
1163 2578 1171 2619 ;
1181 2557 1291 2611 Gesner.

248 2643 329 2680 cerm.
349 2631 394 2684 Sil.
411 2645 475 2685 eeot.
490 2633 526 2700 ll,
546 2634 591 2686 lin.
611 2637 745 2688 Hannibal
789 2635 824 2690 ad
843 2639 934 2690 Horat.
956 2633 1043 2707 Epod.
1056 2635 1093 2700 V,
1115 2653 1140 2685 v.
1156 2635 1190 2700 43
1204 2633 1292 2706 inpr.;

251 2705 305 2758 rad
314 2725 400 2775 mare,
409 2714 528 2783 proxime
538 2714 679 2786 Neapolim
689 2713 747 2767 dee·
760 2765 762 2771 2
789 2715 910 2782 strant,
922 2733 981 2787 pag.
992 2715 1054 2784 378,
1064 2727 1090 2766 et
1103 2711 1208 2764 Camilli
1215 2731 1294 2784 pere·

248 2785 352 2853 cendit,
375 2791 489 2862 cupidus
510 2795 632 2844 maritimi
652 2793 748 2865 oppidi
790 2797 994 2869 griniGampan.
1004 2794 1154 2847 faliellies.
1165 2793 1205 2854 ll,
1216 2795 1239 2862 ς.
1251 2812 1292 2847 ar.

246 2865 383 2935 potiundi,
404 2885 457 2942 quo
471 2879 563 2922 curete
576 2872 689 2924 naribus
706 2884 746 2924 tu-
791 2875 906 2932 Withof.
924 2887 1028 2940 monet,
1044 2891 1134 2926 veram
1150 2871 1293 2925 verborum

247 2956 289 2996 tue
304 2965 335 2998 ex
349 2949 441 3002 etrier
455 2963 561 3014 essen·
578 2953 632 3004 Liv.
647 2951 746 3020 Xlllll,
791 2957 1019 3008 constructionem
1043 2972 1100 3007 esee
1121 2951 1209 3005 hauc:
1230 2953 1294 3006 Non

250 3023 290 3076 15.
304 3025 345 3078 ct.
363 3039 389 3079 et
401 3046 460 3100 cap.
478 3029 517 3096 14.
530 3057 562 3070 -
576 3031 618 3084 re.
637 3027 748 3084 Partha·
792 3036 971 3106 Parthenope,
983 3034 1052 3087 diver
1061 3051 1157 3106 wem,
1175 3033 1244 3084 dives
1259 3033 1294 3084 vi-

247 3119 403 3174 nopevetua
419 3127 517 3161 nomen
533 3109 670 3182 Neapolis.
684 3111 746 3164 vid.
789 3120 874 3192 poris,
898 3128 983 3188 spreta
1009 3116 1060 3168 fuit
1086 3112 1121 3166 ab
1142 3109 1292 3165 Hannibale

248 3181 283 3234 ad
290 3185 596 3260 Vlll,53l.Neapolim,
607 3209 661 3242 non
672 3190 747 3262 quod
791 3196 907 3266 ideoque
919 3197 1026 3262 invasa,
1039 3194 1182 3264 radpertus
1198 3205 1296 3245 traxere

248 3261 322 3316 diret
334 3279 416 3336 esset,
434 3285 485 3321 nee
504 3269 577 3340 qnod
596 3271 746 3344 incolarum
791 3277 896 3337 ducem
908 3287 939 3326 ut
950 3291 1042 3327 eeneue
1055 3274 1104 3324 eit:
1117 3270 1294 3324 Hannibalem

247 3345 370 3398 virtutem
382 3363 533 3419 sperneret,
540 3351 707 3421 potissimum
716 3369 747 3402 ee
792 3357 920 3408 invasisse
930 3373 989 3408 eam
1001 3353 1111 3418 orbem,
1120 3369 1175 3402 non
1187 3351 1221 3404 ob
1232 3369 1296 3402 eon·

248 3441 302 3493 prae
310 3425 369 3478 aliis
381 3440 484 3482 tentare
495 3431 587 3481 statuit
600 3427 747 3497 Hannibal,
793 3449 904 3489 tamtum
913 3437 1010 3488 virium
1022 3437 1094 3505 ejus,
1107 3431 1155 3485 sed
1167 3431 1203 3484 ob
1215 3434 1294 3485 eitum

248 3503 296 3556 sed
311 3519 341 3556 nt
358 3521 466 3578 prtum
482 3508 608 3576 haberet,
625 3513 652 3562 in
669 3527 748 3582 quem
793 3530 896 3587 portua,

248 3601 339 3638 secure
351 3605 447 3653 nares,
459 3607 517 3660 qun
528 3602 706 3642 commeatum
717 3607 748 3642 ae
831 3599 873 3651 32.
884 3595 945 3648 Otia
954 3595 1065 3666 hospita,
1074 3591 1297 3663 familiarittffira-

249 3666 367 3720 aubeidia
379 3669 540 3744 Cartbagine
556 3670 748 3735 subveherent,
793 3687 835 3742 ta,
844 3677 938 3742 Martis,
946 3675 1010 3726 viris
1019 3672 1113 3726 doctis.
1123 3674 1162 3724 Ea
1172 3671 1297 3724 eseeVir·

249 3746 384 3820 adpellere
397 3763 515 3821 poaeeut.
534 3753 573 3803 lta
589 3750 705 3804 Drahen
722 3764 750 3802 et
792 3753 857 3825 gilio
867 3765 972 3819 amata,
981 3765 1007 3804 et
1018 3751 1052 3804 ed
1061 3751 1141 3822 hujue
1151 3752 1298 3803 monimen·

246 3826 302 3893 jam
320 3839 381 3880 ante
398 3847 458 3881 eom
471 3831 572 3900 Dauaq.
588 3857 623 3869 -
636 3830 685 3897 31,
704 3830 746 3900 ³?-
793 3846 850 3884 tnm
866 3831 918 3903 (de
929 3849 984 3903 quo
993 3831 1047 3884 vid.
1059 3831 1131 3884 inira
1141 3832 1168 3883 in
1180 3828 1233 3883 hoe
1242 3829 1294 3882 rol.

248 3905 391 3978 Neapolim
401 3905 573 3962 indeaSulla
582 3910 749 3981 temporibus
793 3912 1052 3965 commentationem
1072 3909 1106 3962 de
1121 3909 1179 3965 Silii
1195 3911 1251 3961 vita
1269 3919 1296 3960 et

250 3987 344 4037 summi
362 3985 490 4060 doctique
505 3977 555 4040 vili
573 3989 750 4056 secedebant,
794 3993 912 4044 carmine
924 3989 994 4044 Seet.
1008 3995 1033 4057 1,
1050 3989 1114 4061 fin.)
1131 4002 1240 4062 poetam
1253 4005 1295 4039 re-

252 4073 281 4113 nt
292 4063 330 4117 ibi
339 4069 393 4119 otio
403 4069 540 4122 Musarum
550 4070 713 4138 fruerentur,
724 4081 751 4122 et
793 4071 912 4144 apetieee
929 4069 1137 4144 auspicabantur
1154 4069 1256 4138 Dauaq.
1271 4079 1298 4118 et

252 4138 396 4198 levioribus
406 4145 553 4216 etudiie,in
565 4147 662 4204 Grecis
676 4163 752 4222 ,ηια-
793 4149 932 4204 Cellariue.
1098 4217 1113 4244 ο
