2930 4644
242 349 306 436 476
599 365 928 436 TESTIMONIA

271 500 313 558 Μ.
335 503 426 566 VAL.
448 509 694 576 MARTIALIS
715 520 927 595 austerum,
950 543 1020 582 ara.
1045 544 1094 600 iv,
1118 545 1171 585 ar.
1194 543 1269 584 xrr.

399 637 467 713 Sili,
481 642 670 706 Castalidum
682 645 773 707 decus
785 667 943 728 sororum,

400 725 462 802 Qui
475 729 609 812 perjuria
622 734 747 796 barbari
761 735 877 798 furoris

399 814 521 898 lugenti
534 821 645 900 premis
658 844 726 898 ore,
740 823 930 909 perfidosque

400 903 488 964 Astus
500 907 697 986 Hannibalis,
711 911 851 995 levesque
863 915 972 980 Poenos

402 989 522 1070 Magnis
535 995 639 1056 cedere
650 1000 731 1079 cogis
743 999 911 1064 Africanis:

401 1078 534 1142 Paulum
547 1088 676 1168 seposita
688 1091 858 1168 severitate,

401 1167 485 1228 Dum
497 1172 614 1234 blanda
626 1197 722 1258 vagus
735 1179 801 1239 alea
815 1179 974 1243 december

401 1257 526 1323 Incertis
538 1277 626 1324 sonat
638 1265 711 1327 hinc
723 1281 753 1328 et
764 1267 837 1332 binc
848 1270 976 1348 fritillis,

401 1346 441 1406 Et
452 1348 531 1412 ludit
543 1373 624 1438 popa
636 1359 784 1439 nequiore
795 1359 872 1436 talo,

403 1434 518 1502 Nostris
530 1443 593 1502 otia
605 1447 768 1508 commoda
781 1452 936 1526 Camenis,

402 1523 463 1586 Nec
474 1541 560 1590 torva
571 1530 638 1614 lege
650 1533 765 1612 fronte,
778 1537 829 1598 sed
842 1541 965 1602 remissa

404 1615 535 1682 Lascivis
547 1623 686 1686 madidos
693 1625 771 1708 jocis
782 1628 909 1690 libellos.

404 1704 451 1766 Sic
463 1705 567 1772 forsan
579 1725 666 1774 tener
677 1736 768 1776 ausus
779 1731 824 1778 est
835 1719 975 1781 Catullus

311 1839 313 1844 .
405 1795 522 1878 Magno
535 1804 654 1865 mittere
666 1827 816 1886 passerem
828 1809 960 1870 Maroni.

394 1956 462 1998 titt.
484 1961 537 2020 Vl,
559 1933 675 2008 EPI'GR.
698 1970 794 2026 exit,
816 1971 853 2012 ΙΝ
874 1974 1150 2016 uutnacrouttot.

288 2059 461 2128 Emendare
473 2091 572 2150 meos,
584 2097 663 2156 quos
675 2081 764 2140 novit
775 2079 873 2156 lamo,
886 2080 1019 2158 libellos,

288 2143 327 2205 Et
338 2149 393 2212 tibi
405 2158 554 2236 permittis
566 2162 666 2225 felices
679 2187 803 2249 carpere
814 2189 931 2250 nugas:

289 2235 367 2316 Has,
379 2243 523 2327 inquam,
537 2272 650 2336 nugas,
664 2257 776 2337 quibus
789 2279 895 2324 aurem
907 2258 1063 2320 advertere
1075 2275 1169 2322 totam

289 2326 357 2390 Nou
369 2332 596 2418 adspernantur
608 2363 747 2426 proceres
759 2347 905 2430 urbisque
917 2347 1052 2430 forique,

289 2415 372 2493 Quas
384 2437 414 2485 et
425 2433 565 2512 perpetui
576 2431 747 2515 dignantur
757 2437 870 2498 scrinia
882 2437 949 2514 Sili,

289 2507 328 2568 Et
340 2517 449 2596 repetit
460 2523 547 2586 toties
557 2521 693 2586 facundo
704 2527 838 2609 Regulus
851 2549 913 2589 ore.

561 2685 629 2729 urs.
652 2689 862 2744 v11‚arroa.
885 2691 990 2734 txrrr.

253 2851 256 2856 Δ
291 2785 434 2872 Perpetui
447 2814 620 2880 numquam
632 2801 785 2862 moritura
797 2801 957 2863 volumina
969 2801 1022 2863 Sili

371 2878 432 2954 Qui
444 2881 530 2966 legis,
543 2901 573 2948 et
585 2889 672 2949 Latia
684 2891 822 2950 carmina
834 2890 927 2972 digna
939 2903 1027 2972 toga,

292 2963 407 3027 Pierios
418 2981 543 3036 tantum
555 2979 617 3037 vati
629 2978 777 3060 placuisse
790 2998 920 3040 recessus

372 3053 490 3136 Credis,
502 3075 532 3122 et
542 3066 650 3126 Aoniae
661 3064 806 3127 bacchica
816 3079 896 3126 serta
908 3085 1015 3127 comte.

292 3140 382 3202 Sacra
393 3145 570 3214 cothurnati
583 3175 650 3216 non
662 3155 771 3235 adtigit
783 3167 854 3214 aute
865 3155 1017 3230 Maronis,

372 3231 504 3318 Inplevit
515 3243 622 3322 magni
633 3264 729 3324 qnam
740 3243 893 3302 Ciceronis
905 3263 993 3325 opus.

293 3318 385 3383 Hunc
398 3324 531 3388 miratur
541 3329 643 3392 adbuc
655 3344 781 3391 centum
793 3333 893 3412 gravis
904 3328 992 3390 hasta
1004 3331 1157 3394 virorum.

372 3411 465 3474 Hunc
477 3413 614 3498 loquitur
624 3431 713 3498 grato
724 3418 877 3500 plurimus
889 3439 943 3479 ore
954 3418 1059 3478 cliens.

295 3499 460 3583 Postquam
473 3505 609 3576 bissenis
620 3508 781 3588 ingentem
790 3509 922 3569 fascibus
934 3527 1051 3567 annum

374 3593 515 3669 flexerat,
527 3594 647 3658 adserto
660 3600 715 3677 qui
726 3617 810 3658 sacer
820 3599 895 3658 orbe
906 3597 966 3658 fuit
977 3619 984 3656 :

295 3681 444 3744 Emeritos
457 3684 552 3746 Musis
564 3698 594 3746 et
606 3684 725 3748 Pboebo
734 3686 861 3748 tradidit
872 3707 984 3760 annos,

375 3773 496 3854 Proque
507 3795 563 3836 suo
575 3774 709 3836 celebrat
721 3796 806 3836 nunc
818 3775 969 3837 Helicona
980 3774 1059 3835 loro.

563 3931 879 3989 arfl.v111,tsrtttn.
902 3933 996 3972 lxvi.

420 4049 557 4129 Augusto
569 4053 704 4133 pistura
715 4049 915 4127 victimasque

418 4135 479 4196 Pto
490 4151 598 4202 nostro
609 4138 680 4198 date
691 4135 777 4210 Silio,
790 4137 941 4198 Camenae.
