2962 4646
415 333 731 430 PUNICORUM
751 336 844 402 LlB.
869 338 979 405 Xlll.
1178 345 1219 433 93

172 476 237 541 Cui
249 472 341 542 cordi
353 497 464 542 comes
477 493 599 542 aeterna
611 491 661 540 est
671 469 867 543 Acherontis
878 477 920 544 ad
934 479 1057 547 undam

175 581 340 662 Libertas,
352 598 443 671 petat
454 581 509 647 ille
521 604 612 648 meas
624 604 822 671 mensasque
835 583 1020 676 dapesque;

176 689 233 769 Et,
247 688 354 754 vietus
365 708 512 755 mentem
526 689 601 754 fuso
613 711 674 777 per
685 681 834 755 membrti
847 692 961 780 Lyaeo,

177 795 360 884 Sopitoque
371 797 462 862 necis
475 818 603 875 morsu,
617 794 835 862 medicamina
847 794 948 862 cladis

180 901 332 981 Hauriat,
345 925 384 968 ae
394 900 531 990 placidis
544 917 692 967 exarmet
703 901 769 967 fata
781 904 929 970 venenis.
943 933 956 964 s

179 1011 260 1075 Haec
270 1011 329 1090 ait,
343 1027 377 1077 et
389 1008 485 1110 tupba
497 1012 619 1103 repetit
630 1011 809 1078 comitante
822 1029 968 1101 penates.

224 1110 361 1182 AEdibus
373 1117 409 1182 in
421 1113 540 1200 mediis
553 1140 755 1206 consurgens
768 1118 843 1182 ilice
855 1118 960 1183 multa

179 1223 366 1288 Exstruitur
377 1247 491 1312 rogus,
504 1222 686 1313 hospitium
697 1246 876 1289 commune
888 1225 1056 1313 peremtis.

179 1329 249 1395 Nec
260 1330 398 1420 vulgum
409 1348 514 1398 cessat
526 1331 648 1396 furiare
661 1328 825 1421 dolorque
837 1354 1018 1421 pavorque.

182 1434 488 1500 Nuncmentiserae
500 1433 736 1514 Deciusredit,
750 1435 999 1502 etbonavirtus
1188 1453 1231 1502 ιιι

185 1539 307 1605 Exsilio
319 1541 437 1630 punita
450 1541 554 1604 truci:
568 1537 739 1626 despectat
750 1539 791 1604 ab
803 1540 870 1604 alto

184 1643 279 1708 Sacra
291 1641 404 1723 Fides,
417 1647 585 1734 agitatque
597 1645 707 1708 virum
720 1643 850 1710 fallacia
861 1642 971 1712 corda.

185 1871 249 1920 seqq.
264 1856 325 1902 Dum
335 1859 401 1919 eopia
411 1859 494 1914 nosos,
506 1856 551 1902 Cui
558 1857 631 1912 sordi,
641 1871 715 1904 comes
726 1857 825 1916 (oeternu
836 1867 871 1904 est
880 1857 911 1904 A.
923 1857 954 1904 nd
963 1875 987 1903 u.
999 1859 1040 1918 1..)
1049 1865 1112 1922 petat
1125 1859 1176 1920 ille,
1188 1873 1232 1910 etc.

186 1930 219 1974 lta
231 1927 286 1975 Geli.
300 1931 340 1992 qni
354 1927 413 1974 liano
423 1939 498 1991 poete
512 1939 614 1974 mentem
629 1943 679 1975 ease
692 1926 818 1976 credebat:
834 1928 891 1975 dum
904 1945 994 1976 moram
1004 1928 1080 1977 adhue
1090 1947 1136 1979 nox
1148 1948 1232 1980 conee-

184 1999 229 2055 ilit,
243 2001 282 2046 cni
293 2001 356 2046 cordi
369 2013 393 2044 et
403 1999 610 2057 commodum‘est,
622 2013 660 2046 me
672 2012 782 2061 sequntur
792 1999 824 2046 ad
834 1999 906 2046 ferale
917 2002 1057 2047 convivium.
1067 2027 1099 2039 ·-
1109 2002 1162 2065 273.
1173 2007 1235 2050 viiie·

186 2077 222 2115 tus
235 2079 331 2116 mentem
344 2069 405 2130 eonj.
421 2071 448 2116 N.
463 2070 541 2116 lleine.
554 2085 625 2132 quern
636 2068 684 2115 vid.
696 2068 727 2114 ad
737 2068 807 2114 Ovis.
822 2069 879 2116 Met.
894 2070 937 2128 xl,
950 2070 1004 2117 238.
1017 2069 1045 2116 ld
1055 2074 1143 2135 recepit
1154 2073 1233 2120 laeleb.

182 2142 229 2188 Sed
241 2144 322 2188 mentia
332 2144 411 2205 potius
421 2141 526 2188 alienatio
538 2141 685 2204 designatur,
697 2138 744 2185 rid.
759 2152 809 2186 not.
824 2140 939 2188 Preterea
950 2153 975 2188 et
986 2143 1068 2189 vinciri
1079 2155 1101 2190 et
1112 2147 1172 2188 abaci
1181 2145 1235 2192 rino

185 2225 213 2256 ao
224 2227 306 2259 somno
317 2224 380 2258 recte
392 2211 437 2259 dici
448 2223 527 2258 monet
538 2211 609 2258 Drai.
619 2235 651 2247 ·-·
661 2211 714 2272 275.
726 2225 754 2255 uo
766 2209 816 2256 Col.
825 2211 894 2274 Vulfl.
907 2221 937 2258 et.
947 2237 979 2248 -
989 2211 1179 2276 278sanspicr'um
1189 2229 1237 2260 me·

184 2277 228 2328 lius
239 2283 359 2329 videbatur
370 2283 399 2328 D.
413 2283 489 2330 lleini.
498 2282 622 2346 vulgatum
635 2295 699 2330 recte
713 2280 817 2328 defendit
830 2283 918 2346 Daneq.
932 2283 984 2330 coll.
1003 2284 1050 2341 ΙΙΙ,
1064 2284 1123 2347 627,
1141 2297 1164 2331 et
1174 2284 1236 2340 aliis,

187 2353 227 2414 qui
238 2352 371 2414 sepulcrum
382 2351 497 2414 adpellant
508 2353 667 2407 diversomum,
677 2359 767 2415 portiom
779 2356 878 2415 eorporis
888 2365 912 2400 et
923 2349 1083 2416 υταγηιῖοι
1089 2381 1101 2408 ,-
1110 2370 1131 2400 v.
1144 2371 1165 2401 c.
1176 2356 1237 2403 Pru-

187 2422 250 2468 dent.
265 2425 368 2469 Hamart.
383 2425 440 2469 Enn.
457 2438 495 2485 ap.
511 2424 559 2468 Cia.
571 2425 642 2469 Tusa.
657 2423 681 2479 l,
693 2420 737 2478 sele,
756 2432 779 2466 et
791 2421 929 2485 Antiphane.
944 2425 1058 2471 Praeterea
1070 2423 1095 2471 li.
1110 2423 1126 2471 l.
1141 2426 1170 2472 de
1182 2441 1238 2473 aon·

187 2496 248 2541 rivio
257 2497 340 2557 agitur.
351 2521 382 2532 -
394 2495 446 2542 281.
459 2494 547 2542 Exsilio
556 2500 645 2560 punita.
658 2497 742 2541 Truces
751 2494 866 2558 despectio
875 2496 936 2557 conj.
949 2497 978 2540 N.
989 2497 1066 2544 lleins.

229 2693 277 2746 ²7¹
290 2694 348 2746 sqq.
364 2676 487 2743 uQuibue
502 2690 619 2730 vestrum
632 2687 693 2728 ante
738 2679 944 2730 circumsessa...
960 2693 976 2728 a
989 2675 1083 2747 Capua
1097 2695 1151 2729 non
1165 2695 1241 2732 ater·

192 2754 250 2806 fato
269 2752 382 2819 cedere,
402 2773 482 2826 quam
500 2754 565 2806 haee·
579 2768 620 2806 tot
639 2767 693 2806 tam
738 2767 843 2807 terunt:
856 2753 1051 2808 tantaaviditas
1062 2754 1187 2828 supplicii
1198 2775 1241 2810 ex·

195 2832 292 2886 acerba
307 2833 429 2901 videant,
445 2835 473 2885 in
490 2833 579 2886 animo
596 2846 649 2899 est,
662 2835 694 2886 iia
739 2833 849 2906 petendi
876 2848 945 2887 est...
967 2851 1016 2886 nos
1037 2833 1108 2887 idem
1131 2837 1241 2888 lecisse-
1275 2902 1276 2905 Ἴ

194 2913 267 2987 apud
289 2933 330 2968 me
350 2913 432 2968 hodie
455 2915 540 2988 epulae
560 2916 695 2969 instructas
713 2963 716 2972 ,
740 2931 813 2978 mus,
824 2915 847 2966 si
858 2909 923 2966 data
937 2915 1046 2968 fortune
1057 2927 1134 2968 esset.
1149 2917 1241 2987 ltaque

193 3007 346 3068 parataeque
359 3007 456 3062 sum,-
472 3007 522 3047 etc.
537 2995 593 3047 Liv.
605 2995 623 3048 l.
636 2995 654 3046 l.
670 3015 694 3048 e.
741 2992 849 3064 quando
860 2993 938 3047 aliter
944 2994 999 3046 Diis
1010 2994 1196 3047 inmortalibus
1206 2996 1243 3046 vi·

198 3077 238 3129 13.
254 3105 291 3116 -
308 3075 367 3146 273.
390 3075 540 3128 uAlienatis
561 3075 696 3128 mentibus
741 3091 799 3126 tum
809 3087 864 3140 est,
875 3093 958 3147 quum
968 3087 1080 3127 mortem
1090 3095 1124 3128 ne
1135 3093 1243 3128 recusa·

193 3157 256 3208 vino
269 3153 303 3208 ab
318 3156 471 3208 inminentis
484 3173 563 3208 sensu
577 3155 640 3210 mali
649 3175 697 3209 ve·
741 3172 770 3205 re
780 3153 890 3224 quidem
900 3153 1026 3218 debeam
1039 3157 1172 3208 cruciatus
1183 3172 1244 3208 con·

194 3253 293 3291 nenunt
304 3255 395 3290 omnes
408 3250 594 3304 sumserunt„
606 3239 662 3291 Liv.
672 3257 695 3290 o.
743 3235 935 3308 tumeliasque,
952 3247 1024 3307 quas'
1038 3249 1128 3307 sperat
1141 3235 1243 3306 hostis,

199 3318 350 3390 14.-274.
363 3319 539 3378 necismorsu,
549 3315 657 3384 dolore,
667 3332 698 3370 ut
743 3315 807 3367 dum
820 3315 904 3381 liber,
919 3315 983 3368 dum
993 3319 1045 3368 rnei
1059 3332 1155 3388 potens
1170 3336 1244 3384 sum,

195 3397 283 3463 xv11‚
296 3395 362 3465 345,
377 3415 409 3449 ae
423 3415 519 3450 monne
537 3414 656 3450 aurariam
672 3411 699 3450 et
743 3395 862 3466 elingere
882 3409 982 3462 morte,
996 3409 1174 3468 preterquam
1192 3396 1245 3449 ho-

197 3476 282 3531 exsr'lii
293 3495 337 3548 ap.
347 3476 425 3530 ovid.
437 3496 467 3530 ax
477 3481 563 3530 Ponto
577 3477 607 3546 1,
617 3497 637 3544 ι,
650 3479 684 3549 73
691 3498 699 3542 ;
744 3485 836 3541 nesta,
846 3475 927 3526 etiam
936 3474 1004 3540 leni,
1014 3493 1139 3546 possum,
1147 3498 1159 3522 ι
1172 3489 1222 3529 eto.

197 3573 241 3622 m,
257 3557 300 3624 43.
312 3558 391 3611 Coris.
404 3575 463 3629 sup.
478 3557 583 3622 advn,
595 3575 661 3630 271,
674 3569 701 3610 et
782 3554 834 3608 280
843 3571 883 3623 sq.
894 3552 935 3605 Cl.
944 3554 994 3620 xl,
1008 3553 1084 3607 158...
1097 3555 1148 3608 258
1158 3569 1185 3608 et
1194 3557 1245 3628 377

198 3637 303 3689 Ernesti
319 3636 387 3689 clar.
406 3638 463 3690 Cio.
478 3667 515 3677 —-
525 3639 702 3690 medicamina
746 3652 802 3705 aeq.
814 3635 913 3686 Versus
929 3634 1050 3706 praeclari
1068 3633 1101 3687 de
1117 3633 1168 3688 fide
1182 3654 1247 3690 con-

200 3715 293 3784 cludis,
305 3733 451 3781 venenum,
463 3715 537 3788 quod
547 3717 651 3770 cladem
661 3736 703 3770 ar·
747 3725 848 3766 stanter
867 3712 1008 3766 servanda.
1028 3713 1101 3766 Fidei
1118 3715 1180 3768 Deae
1199 3717 1246 3768 rni-

202 3807 243 3846 eet
260 3809 286 3848 et
295 3795 358 3867 fata
369 3805 500 3863 exantlat,
512 3795 540 3848 h,
555 3815 578 3848 e.
594 3794 702 3850 crudele
747 3796 858 3846 nisterio
868 3807 949 3866 poeta
958 3811 1022 3854 usus
1034 3787 1127 3848 erat'et
1139 3813 1198 3869 sup.
1209 3799 1245 3862 11,

203 3877 295 3926 mortis
315 3893 399 3948 genus
420 3875 498 3928 nobis
522 3876 653 3927 inminens
677 3888 704 3927 et
749 3875 871 3946 479sqq.
888 3875 1039 3946 Saguntinis
1057 3874 1095 3926 ibi
1114 3877 1246 3947 propitia,

205 3954 365 4024 supplicium
381 3953 415 4008 ab
432 3957 500 4006 irato
515 3954 593 4008 hoste
607 3956 705 4007 timen-
749 3953 891 4024 Campanis
905 3951 1015 4027 perfidis
1026 3952 1053 4004 h.
1065 3953 1082 4004 Ι.
1095 3955 1193 4006 infesta
1203 3953 1249 4003 be·

205 4029 270 4083 dum
282 4032 430 4103 propulsat.
440 4033 519 4100 Cous.
532 4022 614 4086 verba
624 4035 706 4086 Virrii
750 4053 784 4086 ne
794 4031 911 4106 lingitur.
923 4063 958 4074 -
969 4033 1001 4084 al>
1014 4031 1084 4101 alto,
1095 4031 1127 4084 de
1140 4031 1213 4083 eaelo·

206 4131 249 4186 ap.
262 4111 318 4164 Lir.
332 4112 384 4165 loe.
396 4115 440 4166 cit.
455 4115 611 4168 «Romanos
620 4113 707 4167 Roma
788 4113 847 4168 282.
860 4115 939 4168 Sacra
953 4111 1043 4174 arden·
1058 4131 1081 4162 v.
1098 4107 1133 4162 ad
1147 4107 1251 4180 1,4θι,Ι
