2956 4670
454 396 763 465 PUNICORUM
787 395 878 459 LIB.
902 395 989 459 Xll.

204 541 320 620 Collis,
334 558 367 606 et
379 562 397 605 e
409 540 544 605 tumulis
557 538 737 628 subjectam
750 536 890 625 despicit
900 537 1026 604 urbem.

249 649 372 715 Verum
384 647 455 723 ubi,
470 663 540 710 tum
553 667 625 710 sese
636 642 978 710 circumfundentibus
990 645 1102 726 armis'‚

204 752 344 816 Vallatus
357 753 482 816 socium
495 765 619 838 portas,
634 770 765 837 unaque
779 747 890 836 negari

206 858 380 922 lntravisse
393 855 468 933 sibi,
482 859 669 944 Capuaeque
682 876 854 942 erumpere
866 855 985 933 cernit,

203 964 326 1027 Anxius
338 962 514 1040 adventus,
529 982 618 1024 nunc
631 961 719 1024 ferro
732 959 883 1048 frangere
896 968 1018 1024 coetum

204 1067 400 1134 Obstantum
411 1067 604 1146 meditatur;
617 1067 677 1130 init
689 1088 778 1129 nunc
789 1065 861 1129 avia
873 1082 983 1153 coepto

204 1174 361 1253 Consilia,
374 1192 473 1263 atque
485 1190 555 1238 astu
569 1169 688 1262 quaerit
699 1186 749 1235 tot
759 1170 861 1235 millia
873 1171 976 1258 portis

203 1277 401 1345 Abstrabere
413 1276 743 1363 artatis‚cinctosque
756 1275 920 1341 resolvere
933 1298 1055 1342 muros.
1200 1287 1245 1349 495

204 1476 278 1520 Parm.
293 1487 316 1520 et
326 1476 383 1519 Beo.
397 1475 463 1519 etiam
474 1473 548 1526 bene,
562 1471 640 1518 decidit
648 1473 690 1516 01.
706 1471 917 1516 ornamenta.
934 1488 957 1528 ι,
970 1485 992 1518 et
1004 1472 1066 1518 Med.
1080 1478 1165 1524 invadit
1175 1481 1245 1530 Man,

205 1557 228 1590 et
236 1544 289 1590 ltinc
303 1544 347 1590 alii.
358 1569 388 1578 -
398 1541 451 1603 490.
466 1555 554 1604 unoque
569 1543 647 1602 scripti
659 1551 681 1585 et
693 1540 729 1586 ed.
741 1543 815 1585 Parm.
830 1557 942 1604 unamque
953 1543 980 1586 ll.
997 1556 1021 1598 r,
1034 1544 1128 1592 Mediol.
1144 1551 1214 1596 Marsi
1226 1566 1249 1601 et

204 1614 298 1660 Martini
308 1613 403 1675 llerbip.
417 1615 499 1675 antipae
509 1611 546 1657 cd.
557 1612 620 1656 lunt.
637 1623 660 1656 et
673 1610 726 1655 inde
738 1610 798 1664 alia,
811 1611 875 1672 qnod
888 1625 1011 1674 perperam
1023 1615 1116 1664 retinuit
1125 1620 1206 1668 Lefeh.
1219 1647 1251 1660 .-

205 1683 259 1746 ⁴9¹·
275 1686 404 1747 Capuaque
417 1685 494 1745 rcripti
505 1695 527 1728 et
538 1684 617 1744 priscae
632 1681 685 1728 edd.
698 1693 751 1728 ante
764 1683 828 1728 lunt.
844 1685 867 1728 iu
879 1697 922 1744 qua
936 1685 1049 1732 Nicander
1060 1689 1148 1747 primur
1159 1695 1249 1755 Capua-

204 1770 249 1818 que
257 1758 369 1817 reposuit.
381 1757 507 1819 Coprtoeque
517 1755 642 1816 inrumpere
652 1753 743 1799 emend.
754 1755 782 1799 bl.
794 1755 871 1799 lleina.
882 1755 927 1801 vid.
938 1754 1012 1812 adli,
1023 1757 1076 1818 378.
1088 1761 1133 1806 Sed
1143 1765 1188 1810 vid.
1200 1779 1248 1814 not.

141 1833 142 1840 ,
206 1853 236 1864 ,,
248 1827 302 1888 492.
315 1827 390 1872 Verba
403 1826 514 1888 explicatu
528 1824 627 1872 difficilia
642 1828 724 1870 anetus
739 1827 849 1871 adventur
861 1826 936 1886 lntpp.
953 1825 1042 1873 edentia
1058 1837 1250 1896 praetermittunt,

204 1913 301 1961 excepto
312 1899 401 1944 Emerti
410 1899 438 1942 V.
453 1899 478 1943 C.
495 1898 533 1942 cni
545 1897 637 1942 videtur
652 1897 750 1942 obtenta
763 1897 875 1942 brevitate
888 1896 946 1943 elata
958 1899 1056 1945 formula
1070 1915 1126 1962 pro,
1142 1906 1249 1956 sollicitus

203 1973 310 2032 praesenti
325 1968 419 2016 fortuna
437 1985 491 2024 aua,
507 1984 553 2031 qua
569 1967 599 2014 ad
614 1969 716 2030 Capuam
731 1967 847 2014 utebatur.
864 1969 886 2012 st
901 1968 968 2014 lectio
987 1983 1041 2017 tana
1058 1984 1105 2028 est,
1122 1977 1250 2027 verborum

203 2040 264 2088 bunc
277 2041 414 2087 crediderim
426 2055 519 2086 aeneum
530 2057 595 2088 eata:
607 2040 699 2088 dolebat
709 2041 811 2102 Capuam
823 2044 919 2089 veniere.
933 2043 978 2089 Sed
987 2055 1036 2090 turn
1048 2046 1115 2107 poeta
1126 2051 1184 2096 male
1195 2053 1249 2104 dixit

200 2115 292 2157 anxius.
307 2112 416 2172 Surpicor
429 2113 517 2174 potius,
534 2126 588 2156 eum
602 2111 716 2173 teripaiate
733 2111 824 2158 Anxius
839 2120 945 2167 eventus,
957 2111 995 2158 vel
1010 2116 1142 2162 Arrecinam
1158 2129 1252 2171 aunua-

203 2183 247 2228 niri
256 2181 320 2227 malis
330 2180 455 2244 Ambiquar
467 2179 505 2238 (h.
516 2196 537 2226 e.
548 2181 646 2239 dubius)
659 2181 750 2234 mmtt's,
760 2183 799 2240 (ut
808 2180 926 2244 amenum
934 2181 1023 2227 consilii
1029 2199 1066 2244 ap.
1076 2187 1131 2234 Tac.
1143 2192 1200 2238 tun.
1212 2163 1249 2242 11,

204 2252 247 2310 83)
258 2253 323 2314 quod
334 2263 410 2298 tamen
421 2267 435 2297 a
447 2250 537 2313 vulgato
549 2253 662 2312 scriptura
673 2252 745 2312 magia
757 2250 852 2298 recedit.
863 2277 893 2286 -
902 2251 956 2312 493.
973 2254 1013 2298 tiait
1027 2253 1075 2300 Col.
1087 2267 1109 2302 et
1121 2257 1163 2306 duc
1173 2233 1248 2312 0104?

201 2332 224 2370 et
237 2322 295 2369 bunc
309 2325 359 2368 Put.
372 2322 422 2369 buic
432 2325 488 2369 Ben.
497 2323 572 2384 Vulgo
584 2331 607 2368 et
618 2321 677 2368 bui'c.
690 2321 778 2368 Deinde
792 2339 836 2368 aon
845 2333 890 2384 pr'o
901 2337 962 2369 nunc
970 2325 1030 2370 lien.
1041 2328 1092 2372 avia
1102 2334 1171 2392 coepti
1179 2336 1250 2382 male-

203 2394 242 2440 bat
254 2395 282 2439 N.
294 2395 374 2440 lleint.
393 2405 419 2439 ut
434 2394 497 2439 devia
513 2396 570 2439 recti
580 2395 646 2447 Vlll,
664 2391 717 2437 3116.
735 2395 770 2437 Sic
788 2405 811 2438 et
822 2393 901 2440 devius
914 2397 975 2456 oeqrti
984 2397 1007 2450 l,
1021 2397 1057 2458 57.
1075 2403 1103 2444 At
1116 2397 1165 2448 baec
1177 2407 1248 2456 verbe

203 2466 270 2512 etiam
282 2480 335 2511 eum
349 2475 413 2510 sexto
426 2479 481 2510 casu
489 2465 555 2524 jungi
566 2475 646 2510 monet
656 2461 727 2508 Dmli.
741 2463 814 2547 apdua
825 2472 911 2525 roepto,
922 2463 959 2510 vel
972 2471 1041 2528 ccepti
1049 2467 1153 2527 placabat
1167 2472 1245 2524 Bm

204 2640 292 2689 lleins.
313 2637 347 2689 ad
364 2636 452 2688 Valer.
470 2633 508 2687 Pl.
524 2635 562 2702 V,
579 2637 638 2689 536.
658 2635 700 2688 Sic
745 2652 772 2690 et
784 2639 897 2690 obscure
910 2639 1007 2695 (licitur
1024 2660 1089 2711 pro:
1108 2651 1243 2715 quomodo

203 2719 302 2789 passim
313 2736 355 2786 ap.
364 2717 420 2766 Liv.
430 2713 563 2766 Hannibal
576 2737 586 2760 i
596 2718 622 2765 in
631 2716 700 2767 valle
745 2718 786 2780 iia,
796 2735 910 2786 quorum
919 2735 998 2769 causa
1008 2720 1246 2793 advenissenauxi.

204 2797 309 2848 occulta
323 2807 383 2866 poet
394 2794 483 2846 Tifata
495 2807 611 2845 montem
624 2797 701 2846 inmi-

204 2889 310 2928 nentem
318 2875 414 2944 Capua
424 2870 575 2938 consedit‚·
586 2873 640 2923 Liv.
652 2872 698 2924 lib.

203 2957 300 3022 xxvi,
313 2954 337 3007 5.
353 2954 393 3006 Cf.
406 2952 442 3004 id.
455 2952 517 3017 vu,
532 2969 579 3022 29,
597 2963 622 3004 et
639 2970 698 3025 sup.

202 3038 236 3089 ad
246 3037 290 3103 lV,
302 3035 362 3089 363.

238 3117 298 3186 489.
316 3114 394 3168 Conf.
408 3113 516 3164 omnino
529 3113 584 3163 Lir.
597 3111 699 3192 mil,

203 3215 227 3268 7.
238 3227 273 3236 —
284 3195 376 3259 anna,
389 3205 419 3243 ut
431 3193 491 3256 vlt,
508 3193 539 3244 61
556 3203 581 3242 et
597 3208 655 3261 sup.
673 3209 697 3242 v.

202 3279 263 3346 482.
279 3274 384 3341 -49o.
406 3269 540 3334 Vallatus,
563 3271 663 3322 cinctas
684 3288 698 3321 a

200 3355 328 3408 Romanis
340 3361 427 3422 portas
439 3352 564 3402 todorum
577 3347 700 3413 auorum,

202 3435 350 3488 incolarum
360 3430 467 3500 Capuae.
480 3457 516 3468 —
529 3447 597 3493 aaa,
607 3425 699 3492 simul,

201 3515 249 3567 sibi
263 3513 366 3585 neyari,
383 3527 410 3561 se
427 3505 565 3580 prohiberi
577 3525 592 3557 a
604 3507 700 3558 Rorna-

202 3587 700 3654 niaurbemobsidentibua,intravisse,

202 3679 299 3728 intrare
316 3673 449 3743 Capuam,
463 3681 487 3721 et
498 3671 607 3739 Capua,
622 3667 700 3719 Gam-

203 3759 292 3827 panis‚
309 3754 389 3805 sociis
405 3752 475 3814 suis,
491 3747 592 3800 scilicet
608 3747 699 3818 negari

203 3851 334 3905 erumpere
344 3830 437 3903 portis.
447 3826 539 3878 Lefeb.
553 3824 699 3878 notandam

204 3910 231 3962 h.
241 3912 259 3963 l.
272 3911 336 3963 dicit
347 3907 484 3962 audaciam
498 3907 576 3956 trium
586 3904 698 3955 militum

205 3991 293 4042 eval.
312 3991 381 4041 Max.
402 3989 449 4052 lll,
471 4002 505 4052 n,
527 4001 567 4037 ao.
584 4013 619 4022 -
638 3985 699 4051 492.

205 4069 306 4120 Anzita
322 4069 465 4128 atlverttnr,¹
480 4083 506 4117 ν.
517 4067 547 4116 V.
559 4066 587 4116 L.
600 4063 700 4115 Sollici·

204 4160 248 4198 tus
257 4145 290 4196 de
302 4143 416 4198 adventu
428 4163 491 4210 auo,
500 4143 575 4214 quod
583 4142 700 4194 breviter

745 2796 809 2850 lium
822 2799 904 2849 ferret
915 2799 1045 2860 incertum
1061 2802 1135 2854 Lena.

780 2876 839 2944 493.
848 2875 980 2927 Hannibal
991 2877 1155 2936 «abscedere
1163 2888 1243 2943 inrito

745 2954 857 3005 consilio
869 2967 896 3006 ct
908 2973 1013 3008 movere
1023 2973 1037 3008 a
1048 2959 1140 3031 Capua
1152 2973 1243 3024 statuit

745 3035 933 3088 castraMulta
941 3046 1172 3113 secum‚quoniam
1180 3051 1242 3108 inde

744 3117 782 3166 ire
797 3129 932 3187 pergeret,
946 3117 1075 3188 volventi,
1089 3125 1171 3180 subiit
1183 3135 1243 3186 ani·

744 3211 815 3246 mum
832 3197 960 3266 impetus,
976 3203 1160 3272 caput-ipsum
1178 3208 1242 3265 belli

742 3272 853 3324 Romam
873 3274 1015 3345 petendi,·
1037 3292 1087 3332 etc.
1103 3284 1159 3336 Liv.
1176 3287 1194 3340 l.
1217 3311 1240 3344 o.

744 3351 783 3404 Cf.
795 3353 885 3426 Polyb.
896 3356 945 3420 lX,
956 3357 984 3416 3,
996 3357 1021 3422 4.
1030 3387 1063 3397 —
1074 3365 1133 3414 avia
1144 3383 1241 3442 coepto,

744 3430 847 3484 diversa
861 3453 876 3484 a
887 3435 971 3504 priori
984 3438 1110 3506 consilio,
1122 3444 1177 3497 scil.
1191 3451 1242 3501 fer.

743 3530 774 3562 ro
782 3524 807 3562 et
815 3513 916 3583 impetu
923 3514 950 3564 in
958 3511 1048 3568 hostes
1056 3519 1240 3594 inrumpendi;

743 3589 845 3643 Erneat.
863 3592 909 3661 qui
927 3606 1116 3664 rememorem,
1134 3620 1239 3663 ornnem

743 3669 815 3722 hunc
829 3671 918 3723 locum
935 3673 968 3743 (a
981 3691 1005 3723 v.
1020 3677 1099 3743 490...
1116 3682 1186 3756 495)
1203 3686 1241 3741 lq.
1315 3725 1319 3734 .

743 3747 839 3802 borare
848 3748 1066 3823 duritiequadam
1075 3761 1182 3816 auribus
1191 3767 1242 3821 ele.

743 3827 908 3898 pautioribus
915 3831 1095 3902 etVirgilranae
1104 3845 1242 3898 concinni-

743 3908 791 3957 tati
799 3905 916 3958 adsuetis
924 3909 1043 3962 molesta.
1054 3916 1169 3988 Captum
1176 3941 1240 3974 vero

744 4004 798 4036 non
806 3987 945 4037 consilium
957 4001 1009 4056 cat,
1020 3990 1067 4044 aed
1079 4011 1189 4051 conatus
1202 4018 1239 4051 ac.

744 4063 840 4134 Capua
849 4065 989 4119 obsidione
998 4068 1151 4142 liberandae,
1160 4085 1240 4147 quarn

745 4142 845 4195 obrem
860 4147 910 4196 iter
923 4157 979 4198 erat
993 4149 1134 4217 ingressus.

1041 4237 1057 4298 4
