2930 4644
235 329 298 404 402
562 313 946 380 corruentium

233 462 352 528 colonia
365 459 470 530 fuisse,
485 457 587 537 ipsum
601 473 673 514 vero
685 453 732 513 vel
746 453 865 528 Romae,
882 452 930 512 vel
944 453 976 512 in
991 451 1052 512 aiio
1065 451 1168 514 italico
1182 455 1296 513 muni-

232 552 311 633 cipio
325 561 354 607 et
368 555 479 606 uatum
492 557 523 602 et
536 541 699 602 educatum
715 559 789 614 esse,
805 553 840 600 ut
854 541 897 598 ita
911 537 1112 600 nihilominus
1124 539 1219 600 Italici
1233 559 1296 599 no-

234 659 305 698 men
320 635 359 694 ab
373 629 479 694 italica
493 629 649 710 Hispaniae
663 626 826 706 habuerit(
846 629 865 706 ).

274 726 321 786 Ab
333 723 378 783 his
390 720 558 794 sententiis,
571 737 640 800 quie
654 717 702 778 vel
714 731 855 778 nostrum
866 717 988 792 Silium,
1003 717 1050 777 vel
1065 715 1193 798 majores
1206 717 1291 798 ejus,

234 839 268 877 ex
285 809 477 893 Hispaniensi
495 806 615 867 colonia
632 805 805 880 deducunt,
821 804 945 866 discedit
962 805 1086 866 illomm
1102 807 1205 887 opinio
1222 805 1294 864 lon-

234 905 316 986 gius,
331 900 384 982 qui
398 896 533 978 ejusdem
547 893 681 954 italicum
695 913 809 953 nomen
826 913 861 953 ex
875 891 1026 968 Corfinio,
1041 893 1237 973 Pelignomm
1252 894 1290 952 in

234 991 324 1052 Italis
337 987 413 1048 urbe
427 983 579 1066 principe,
595 982 723 1042 eliciunt
730 982 779 1062 (a)
796 983 917 1042 Vossius
931 995 960 1041 ct
973 983 1164 1062 Dausqueius
1180 983 1210 1040 in
1226 983 1292 1062 pri-

235 1081 292 1142 mis
305 1077 430 1138 illorum
445 1085 660 1133 numerantur.
675 1072 734 1130 lste
748 1084 815 1130 tam
828 1070 867 1130 de
881 1070 992 1143 Poetis,
1005 1089 1099 1151 quam
1113 1070 1151 1128 de
1163 1071 1294 1130 Histori-

236 1173 276 1232 cis
294 1167 411 1228 Latinis
430 1163 523 1241 (nam
544 1163 576 1219 in
599 1157 711 1219 horum
729 1160 837 1235 etiam,
857 1160 997 1242 quamvis
1011 1171 1148 1241 poetam,
1162 1179 1290 1219 censum

237 1259 348 1336 refert)
366 1254 396 1314 id
415 1252 496 1312 clare
514 1247 691 1331 profitetur,
705 1249 828 1329 gemino
843 1261 1025 1330 argumento
1041 1249 1199 1323 inductus,
1218 1267 1291 1329 quae

237 1361 404 1426 antequam
419 1339 629 1421 dispiciamus,
646 1337 684 1398 dc
700 1336 829 1398 Corfinii
845 1339 971 1398 nomine
983 1357 1063 1397 noro
1078 1336 1193 1418 aliquid
1207 1333 1293 1395 adfe-

238 1435 370 1496 rendum
388 1441 440 1490 est.
461 1426 551 1506 Quod
572 1447 649 1508 soepe
665 1427 705 1486 ab
721 1427 819 1486 ltaliae
832 1427 953 1508 populis
966 1426 1156 1508 postulatum
1170 1425 1291 1498 fuerat,

238 1539 273 1586 ut
287 1527 320 1584 in
335 1519 463 1582 civitatis
477 1519 623 1577 Romanae
637 1517 811 1576 societatem
826 1518 1048 1598 reciperentur,
1063 1518 1172 1598 saepius
1185 1529 1291 1576 autem

239 1616 278 1675 ul>
292 1609 438 1673 Romanis
452 1608 653 1688 abnegatum,
666 1605 696 1665 id
709 1607 773 1666 Sex.
787 1608 805 1666 J
808 1606 870 1667 ulio
882 1609 999 1668 cacare
1009 1619 1038 1666 et
1051 1608 1084 1666 L.
1095 1607 1210 1666 Marcio
1223 1603 1294 1664 Phi·

238 1706 324 1785 lippo
337 1699 438 1762 COSS.
454 1698 486 1756 in
501 1695 618 1756 bellum
634 1694 792 1755 funestum
809 1697 926 1778 erupit,
944 1693 1025 1777 quod
1040 1695 1201 1754 Marsicum
1215 1694 1292 1754 diee-

239 1795 346 1865 batur‚
361 1789 433 1870 quia
446 1786 543 1846 Marsi
557 1785 663 1868 populi
678 1805 750 1846 cum
765 1785 940 1846 Picentibus
955 1797 985 1844 et
999 1784 1131 1865 Pelignis
1145 1786 1292 1866 proecipui

239 1896 268 1941 et
286 1880 380 1962 primi
398 1891 535 1936 auctores
553 1888 661 1949 erant3
681 1887 710 1934 et
729 1874 858 1950 Sociale,
879 1875 966 1957 quia,
986 1874 1037 1955 qui
1057 1873 1187 1934 Romam
1205 1876 1294 1958 inpu-

240 1969 395 2052 gnabant,
414 1965 561 2025 societatis
580 1963 681 2024 foedus
700 1965 780 2024 inter
798 1985 828 2025 sc
846 1965 996 2036 inierant3
1012 1976 1041 2022 et
1055 1963 1204 2039 Italicum,
1220 1968 1293 2047 quia

241 2057 383 2118 universa
406 2051 495 2111 ltalia
519 2065 626 2111 contra
649 2053 781 2111 Romam
804 2073 891 2112 arma
914 2065 1043 2135 ceperat.
1068 2053 1129 2128 Qui
1153 2055 1255 2135 itaque
1276 2075 1293 2113 a

239 2147 343 2204 Homae
356 2139 538 2200 commercio
552 2139 746 2199 secessionem
760 2139 910 2216 fecerant,
931 2137 1102 2201 Corfinium
1121 2141 1293 2224 elegerunt,

240 2230 322 2312 quod
342 2237 435 2308 caput
453 2223 605 2283 italorum
640 2225 781 2287 abdicata
800 2228 912 2302 Roma,
931 2241 1020 2304 esset,
1040 2231 1093 2310 qui
1108 2249 1221 2290 nomen
1238 2233 1295 2290 lto·

241 2317 303 2378 licoe
317 2314 486 2398 inpositum
499 2312 631 2373 voluere.
647 2316 756 2375 Strabo
770 2313 823 2376 lib.
837 2317 874 2392 V,
889 2339 919 2398 p.
938 2317 1008 2398 167:
1023 2324 1172 2398 Κορφίνιον,
1184 2323 1231 2382 τὴν
1242 2328 1293 2378 τῶν

241 2414 368 2487 Πιλιγνῶν
380 2407 553 2497 μητρόπολιν,
574 2407 661 2468 κοινὴν
677 2409 759 2466 ἅπασι
777 2417 832 2475 τοῖς
849 2399 993 2475 haiom:
1010 2409 1186 2478 ἀποδείξαντες
1203 2413 1293 2483 πόλιν,

241 2498 299 2556 ἀντὶ
316 2505 361 2562 τῆς
381 2499 488 2572 Papae,
511 2495 661 2573 ὁρμητήριον
681 2504 728 2552 τοῦ
748 2499 876 2575 πολέμον,
903 2499 1134 2574 μετονομασθεῖσαν
1159 2488 1292 2571 imitas-1,

243 2583 415 2665 Cofininm,
435 2577 625 2661 Peliqnorum
644 2592 745 2662 caput,
764 2601 946 2641 communem
964 2579 1098 2641 omnibus
1117 2581 1210 2657 Italis,
1233 2583 1294 2643 ioco

243 2675 355 2744 Romce,
373 2667 473 2742 urbem
491 2665 728 2750 desipnaverunt,
748 2667 869 2750 bellique
882 2690 992 2742 amem,
1012 2681 1039 2728 et
1056 2668 1230 2731 lTALlCAE
1244 2693 1294 2731 no·

242 2781 311 2821 rnen
329 2757 504 2819 indiderunt.
522 2757 636 2817 Praetcr
649 2755 733 2816 hunc
747 2769 777 2816 et
791 2756 941 2818 Velleium
955 2757 1166 2832 Paterculum,
1183 2759 1294 2840 dequo

243 2863 346 2934 postca
363 2847 512 2920 dicemus,
535 2867 597 2906 non
618 2846 782 2922 habemus,
805 2849 859 2929 qui
877 2845 968 2929 hujus
985 2867 1071 2907 novae
1085 2847 1294 2930 adpellationis

245 2941 432 3002 mentionem
447 2935 581 2996 fecerint.
593 2936 643 3016 (3).

284 3029 425 3088 Primum
443 3026 540 3085 Vossii
559 3039 781 3108 argumentum
799 3040 842 3088 est
860 3027 956 3101 idem,
977 3027 1057 3108 quod
1077 3047 1171 3110 supra
1187 3023 1295 3086 adtuli-

246 3137 326 3190 mus,
348 3116 388 3174 ab
408 3114 574 3194 Hispanico
595 3117 672 3176 urbe
693 3116 871 3177 ltalicmuem
893 3118 1008 3199 potius,
1030 3137 1124 3198 quam
1147 3115 1294 3192 Italicum,

244 3204 408 3266 dicendum
428 3201 533 3279 fuisse,
556 3205 638 3284 quod
658 3206 774 3266 Gellius
792 3206 873 3267 dicto
887 3207 952 3267 loco
966 3205 1129 3267 Italicenses
1141 3205 1205 3288 ejus
1219 3207 1295 3267 colo·

245 3315 300 3354 nos
319 3289 494 3373 adpellaret.
512 3291 601 3351 Salva
620 3294 701 3352 tanti
719 3295 777 3355 viri
793 3296 973 3356 auctoritate
988 3294 1111 3368 inverti,
1126 3292 1207 3376 quod
1221 3291 1294 3372 obji-

280 3465 320 3538 (ι)
331 3465 416 3517 Elius
426 3461 748 3536 Hadrianuslmperator,
793 3469 883 3522 Roma
898 3481 991 3521 natum
1012 3465 1107 3520 tradat.
1123 3467 1164 3519 Cf.
1180 3465 1291 3517 Gmner.

246 3551 272 3606 iu
292 3545 387 3600 eedem
406 3545 542 3615 Hispania
561 3545 662 3596 Βοιίονν
680 3545 748 3598 οοΙνο
794 3547 828 3600 ad
838 3549 939 3600 Victor.
950 3547 968 3600 l.
980 3567 1003 3600 e.

246 3640 339 3694 natus,
348 3627 433 3698 stirpis
442 3621 543 3676 ltalicoe
554 3624 637 3675 fuisse
650 3623 748 3677 dicitur
828 3625 871 3699 (a)
884 3629 1045 3681 Conseritur
1056 3625 1091 3678 ad
1102 3624 1209 3691 Silium,
1225 3621 1292 3674 libro

245 3707 304 3759 Sex.
314 3707 423 3760 Aurelio
431 3705 532 3756 Victori
541 3705 657 3776 Epitom.
666 3723 690 3758 c.
703 3706 747 3774 ¹l3
792 3706 865 3774 Vlll,
878 3705 939 3763 520.

246 3805 287 3860 pr.
296 3785 343 3837 ubi
353 3799 442 3838 tamen
452 3784 528 3836 Anna
539 3783 620 3839 Fabri
627 3787 684 3854 jem
691 3803 749 3836 rno-
828 3787 868 3858 (3)
880 3789 981 3841 Mentio
994 3791 1051 3860 ejus
1062 3789 1142 3840 etism
1155 3784 1184 3836 lit
1194 3786 1221 3836 in
1231 3783 1292 3835 Dio·

247 3868 319 3931 nuit,
335 3866 464 3936 originem
477 3863 607 3916 Hadriani
624 3865 748 3936 Hispani·
794 3865 853 3918 dori
865 3869 1002 3942 Excerptis
1015 3865 1060 3919 liv.
1074 3867 1209 3930 xxxvii,
1222 3862 1292 3935 apud

246 3963 305 3999 oam
317 3947 447 3998 aVictore
457 3943 634 4012 dissimulari,
644 3947 748 4016 ipsum·
793 3945 917 3998 Photiom
932 3950 960 4001 in
975 3946 1100 4001 Bibliotlr.
1114 3967 1141 4019 p.
1152 3945 1220 4010 638,
1233 3945 1290 4014 639.

248 4043 299 4096 que
312 4023 393 4076 ltaliae
405 4021 507 4088 adseri,
519 4035 549 4074 ut
559 4023 593 4075 ab
605 4023 656 4082 AEl.
670 4023 751 4095 Spar·
793 4025 895 4077 C'onler
909 4028 999 4100 Sigon.
1018 4025 1052 4081 de
1067 4030 1150 4098 antiq.
1166 4028 1219 4094 jur.
1237 4023 1289 4078 Ital.

248 4107 312 4158 tian.
330 4105 357 4155 in
374 4103 428 4153 vita
444 4101 526 4154 [ladr.
543 4119 566 4154 c.
583 4119 610 4170 t,
627 4105 748 4173 quicum
793 4103 843 4167 lll,
858 4119 883 4156 r.
