2956 4670
475 391 787 458 PUNIGORUM
811 391 904 462 ΜΒ.
929 391 1015 457 x11.
1227 413 1259 453 ιι

225 537 417 614 Fortunam,
430 551 464 600 et
475 536 571 601 lamae
584 532 749 600 turbando
761 532 891 599 obstare
903 535 1051 604 sinistrae.

222 639 285 705 Sed
299 659 407 708 custos
420 643 494 710 urbi
506 641 803 721 Gracchus,tutcla
815 642 866 707 vel
881 643 960 732 ipsis

225 749 353 816 Certior
364 750 494 815 arcebat
506 750 623 828 muris,
637 750 824 836 iterumque
837 749 953 814 sedere

137 929 138 934 γ
226 855 346 935 Portis,
359 852 578 946 atqueaditos
591 854 712 920 iterum
724 875 855 943 sperare
867 853 1006 920 vetabat.
1237 865 1266 912 6⁵

225 1039 272 1076 tum
284 1032 320 1077 sel
330 1033 353 1077 in
363 1032 398 1080 his
408 1033 445 1080 sel
453 1035 477 1079 in
488 1032 604 1096 praecedd.
615 1033 692 1079 verbis
701 1035 789 1079 mentio
798 1031 873 1078 fieret.
886 1034 943 1094 Quae
955 1032 1076 1080 difficultas
1086 1031 1184 1092 tollitur,
1195 1033 1214 1080 ti
1224 1030 1269 1077 lesi

225 1104 352 1150 mutatione
366 1105 472 1168 Dffessos
483 1106 614 1166 reposuerit
626 1117 722 1151 auctore
734 1103 810 1150 Barth.
823 1104 881 1150 Adv.
895 1106 936 1162 lV,
952 1120 991 1158 ro;
1006 1104 1074 1151 subiit
1088 1104 1136 1151 Col.
1148 1103 1210 1151 unde
1221 1104 1270 1149 'De-

218 1170 284 1234 fessa
294 1173 362 1220 subsit
374 1174 411 1236 (lt.
428 1191 448 1222 e.
462 1177 588 1231 succurrit,
601 1176 624 1220 in
638 1186 740 1222 mentem
752 1175 829 1234 seuit)
846 1173 909 1234 conj.
922 1175 951 1220 N.
964 1175 1043 1220 lleins.
1056 1174 1124 1236 prob.
1140 1173 1211 1219 Dtsl.
1224 1172 1271 1218 De-

217 1243 309 1306 fessum
319 1247 386 1292 subiit
397 1247 434 1293 ed.
450 1247 531 1294 Leleb.
543 1246 589 1292 Sed
601 1260 683 1293 neutra
696 1246 858 1294 emendatione
872 1246 948 1294 nodus
958 1245 995 1292 ille
1007 1245 1110 1294 soluitur.
1122 1246 1181 1292 Hinc
1191 1243 1272 1308 scripsi

224 1315 329 1379 Defessus
340 1318 419 1374 subiit,
431 1334 478 1382 qua
489 1317 586 1364 lectione
604 1317 702 1364 admissa
713 1315 770 1364 nibil
781 1327 899 1380 superest,
914 1315 978 1380 qnod
992 1316 1111 1378 displiccre
1128 1327 1151 1361 et
1160 1314 1272 1360 lectorem

225 1389 352 1438 obtendere
365 1393 445 1454 possit.
460 1391 566 1456 Defssam
580 1390 662 1439 milites
676 1390 707 1438 ad
721 1393 805 1438 Cumas
815 1398 913 1446 vertere,
926 1390 1027 1448 ducere,
1038 1389 1117 1445 subiit,
1134 1389 1215 1450 cupit,
1227 1401 1271 1433 co·

224 1472 336 1509 natusest
347 1463 468 1510 Hannibal.
482 1467 518 1509 Sic
528 1461 702 1526 cronopium
715 1461 771 1518 telo,
785 1473 808 1509 et
820 1471 924 1526 torquere
936 1465 1049 1518 corbium,
1061 1461 1139 1508 dixere
1151 1461 1207 1506 Stat.
1219 1456 1285 1504 sito.-

203 1569 209 1587 ,
224 1531 254 1590 V,
267 1546 298 1590 ιι,
314 1535 370 1591 105,
385 1547 408 1580 et
422 1533 541 1581 Claudiam
555 1533 583 1580 de
596 1549 659 1579 cons.
671 1533 733 1579 Mali.
744 1533 833 1580 Theod.
847 1532 885 1589 46.
897 1557 929 1569 -
939 1533 978 1579 65.
991 1533 1079 1580 Reduxi
1089 1530 1217 1604 vulgatpm,
1230 1530 1272 1574 etsi

224 1619 368 1667 suspectant,
379 1607 515 1662 lectionem,
527 1607 638 1668 quomam
648 1603 711 1651 nullu
722 1605 773 1650 VV.
786 1606 837 1650 DI).
852 1604 986 1664 conjectura
997 1604 1052 1650 milti
1064 1602 1180 1650 safisfacit.
1191 1601 1273 1647 Sedere

225 1691 270 1738 pro
283 1677 403 1732 adridere,
415 1675 453 1722 ael
465 1675 571 1723 obsidere
585 1677 686 1738 positum
698 1675 841 1724 existinrsbat
852 1675 907 1722 Cell.
926 1675 991 1740 quod
1008 1691 1055 1722 non
1066 1673 1133 1736 plane
1149 1669 1273 1734 repudiau-

225 1747 282 1794 dnm
292 1747 399 1796 videtur:
409 1763 462 1794 nam
474 1747 544 1796 rerba
556 1747 665 1810 simplidis
677 1748 764 1794 centies
775 1761 819 1809 pro
831 1748 978 1809 compositis,
990 1759 1014 1794 et
1022 1745 1071 1793 baec
1082 1761 1126 1808 pro
1136 1742 1179 1790 illis
1191 1757 1274 1789 ocem·

226 1830 293 1876 rent,
311 1820 371 1880 inpr.
388 1821 412 1868 irs
428 1818 578 1881 scriptoribus
593 1819 729 1880 posterioria
744 1819 794 1866 etl.
812 1817 894 1866 Portus
910 1815 960 1864 Col.
977 1815 1042 1879 quud
1059 1817 1127 1862 etiarn
1143 1813 1276 1873 conjecerat

226 1889 312 1953 Demq-
324 1891 395 1954 idque
410 1891 516 1938 adridere
532 1902 609 1954 potest
623 1889 677 1937 coll.
690 1906 713 1938 r.
733 1904 774 1950 29,
792 1901 815 1936 et
830 1889 907 1936 verbis
918 1891 967 1936 liv.
980 1890 1067 1944 xxm,
1084 1887 1128 1934 36:
1146 1881 1275 1940 Hannibal,

224 1963 278 2024 quio
295 1961 415 2026 Neapolim
429 1977 473 2008 ιιοιι
487 1970 603 2024 potuerat,
618 1961 701 2008 Cumas
714 1959 956 2012 calumniationem
967 1959 1059 2013 urbem,
1076 1957 1156 2004 labere
1171 1955 1275 2020 cupibsts

226 2030 287 2078 conf.
300 2044 348 2079 not.
361 2033 391 2078 ad
402 2047 424 2078 v.
439 2047 466 2094 ²7
479 2047 528 2094 seq.
540 2031 586 2078 Sed
597 2031 703 2078 eamdent
717 2033 836 2080 nmionetat
849 2031 977 2094 poemjsn
991 2046 1013 2077 v.
1027 2030 1070 2085 60,
1084 2037 1240 2091 expresserat,
1253 2035 1276 2069 et

227 2101 279 2150 bine
291 2102 410 2150 consilinm
421 2103 485 2150 urbis
499 2101 660 2165 obpugnandn
674 2101 832 2150 declaraverat
846 2118 904 2150 uoce
919 2111 1000 2164 portus
1011 2101 1099 2147 nomini
1113 2097 1164 2158 ejus
1176 2095 1274 2155 adicere.

226 2171 308 2236 ltaque
319 2188 371 2218 soc.
384 2176 465 2220 iterum
480 2173 578 2235 ejusque
589 2173 697 2234 repetitio
713 2171 743 2218 sd
760 2187 800 2228 ca,
812 2187 865 2234 quse
875 2188 898 2218 r.
913 2171 952 2233 37,
964 2170 1006 2229 4ο,
1019 2170 1154 2224 traduntur,
1171 2176 1275 2229 spectare

227 2243 330 2302 ridetur,
343 2256 366 2292 et
377 2256 403 2292 ut
415 2260 466 2308 sup.
480 2245 575 2300 meeum,
586 2245 628 2290 ut‘ce
639 2260 666 2291 se
678 2251 757 2305 peritus
769 2243 890 2305 Neapolis,
906 2245 938 2290 sic
952 2242 976 2290 h.
989 2243 1005 2290 l.
1016 2243 1088 2298 muri,
1099 2241 1174 2286 aditus
1186 2250 1210 2283 et
1221 2251 1275 2302 perr·

228 2321 263 2360 tus
280 2315 405 2362 Cumarum
422 2325 589 2362 memorantur.
606 2315 721 2374 Praeterea
739 2313 769 2360 de
787 2315 959 2376 obpugnatione
972 2313 1036 2360 urbis
1050 2327 1127 2359 sermo
1140 2321 1188 2366 est,
1206 2321 1276 2370 qum

227 2383 339 2432 Hannibal
351 2384 436 2432 frustra
448 2384 565 2441 tentabat,
577 2401 591 2434 s
601 2384 705 2432 Graccbo
719 2384 839 2448 repulsus,
849 2385 879 2431 de
890 2401 936 2448 qua
944 2383 1010 2447 plura
1020 2384 1067 2432 rid.
1078 2399 1116 2445 ap.
1128 2384 1177 2430 Lis.
1190 2379 1276 2432 xxtn,

153 2473 155 2480 ·
228 2453 270 2517 37;
281 2457 406 2522 laenamque
414 2457 491 2504 sedere
502 2457 542 2503 At
551 2465 641 2518 portus,
652 2457 689 2504 vel
699 2459 777 2520 potius
785 2466 879 2520 portus,
888 2459 928 2516 (ιιι
938 2458 1016 2504 sedne
1026 2458 1057 2503 sd
1067 2453 1210 2508 Suessulam,
1224 2453 1278 2496 ns·

229 2523 301 2582 bum,
314 2527 428 2583 Ίῖοιιιιιιιι,
440 2530 524 2573 murita
536 2529 612 2583 Rosroe
622 2540 645 2574 et
656 2527 736 2574 similis
748 2527 811 2589 apud
823 2528 872 2573 Lis.
881 2529 936 2584 Vll,
949 2527 992 2590 37;
1005 2528 1081 2584 xxlt,
1093 2525 1178 2580 llell,
1191 2522 1276 2576 xxvt,

231 2609 254 2642 ιι
264 2599 341 2658 ;virg.
356 2599 405 2643 AEn.
413 2600 443 2651 V,
453 2597 500 2654 440
510 2609 534 2644 et
544 2596 590 2654 al.)
603 2597 750 2644 scribendum
760 2597 858 2659 putabat
868 2599 897 2644 N.
911 2597 991 2643 fleins.
1004 2599 1044 2660 qui
1056 2609 1134 2644 tamen
1144 2591 1277 2654 mapicsba·

228 2677 280 2722 tur,
296 2667 383 2730 aliquid
398 2667 459 2714 torte
472 2667 534 2729 apud
544 2667 623 2716 Silium
637 2667 760 2722 excidisse,
773 2669 883 2730 qnoniam
899 2669 990 2714 maetas
1005 2668 1122 2714 adsedere
1133 2665 1216 2711 referri
1229 2677 1278 2708 non
1310 2685 1314 2700 ι

227 2749 314 2797 posset.
327 2737 489 2800 Portarumque
499 2737 575 2782 editus
586 2736 686 2784 malebat
695 2736 792 2784 Withof.
809 2740 933 2802 iterumque
947 2746 1021 2784 tessere
1032 2739 1128 2792 Portus,
1138 2745 1218 2798 etque,
1231 2744 1276 2778 ese.

230 2809 291 2868 conj.
305 2809 381 2856 torm.
395 2823 442 2854 non
452 2808 544 2870 inprob.
558 2807 629 2856 mat.
645 2811 685 2872 qui
700 2821 777 2856 tamen
789 2809 895 2856 eamdent
906 2809 1066 2856 difficultatem
1079 2809 1122 2854 bac
1134 2807 1278 2854 distinetione

227 2879 353 2928 removisse
367 2877 410 2925 sibi
424 2877 559 2926 videbatur:
573 2881 698 2943 iterumque
708 2878 798 2935 sedere,
809 2879 892 2926 Portus
903 2889 972 2943 utque
982 2895 1005 2926 a.
1018 2882 1034 2926 ι’.
1046 2894 1066 2924 a.
1079 2877 1182 2932 ustulat,-
1193 2877 1213 2922 si
1225 2890 1279 2921 ruo·

228 2946 259 2994 do
273 2949 350 2994 sedere
361 2961 529 3010 exponeretur,
542 2947 597 2995 nihil
613 2949 703 3012 agendo
719 2961 813 3014 tempus
827 2952 876 2997 sine
890 2950 968 2998 ἒιιιιιιι
981 2949 1093 3013 perdere,
1112 2948 1171 3010 (sid.
1186 2958 1235 2994 not.
1248 2944 1277 2991 ad

227 3020 260 3076 X,
275 3019 334 3081 598)
345 3033 367 3066 et
378 3019 408 3070 ad
422 3020 467 3068 boe
480 3021 577 3068 verboru
588 3021 868 3086 intelligeretur-jubebat,
879 3021 916 3069 rel
926 3021 1031 3088 eoqelut,
1042 3023 1116 3086 φιιιιιι
1130 3019 1218 3068 dudum
1231 3034 1277 3064 no-

227 3091 326 3138 taverint
337 3092 433 3147 cruditi,
443 3103 534 3139 veteres
543 3092 660 3138 interdum
671 3091 762 3139 duabus
771 3092 905 3154 pluribusve
915 3093 1011 3140 vocibus
1023 3107 1095 3138 nnnrn
1105 3091 1202 3137 verbum
1210 3087 1278 3134 addi·

183 3195 186 3203 .
226 3159 301 3220 diste,
317 3163 381 3224 qnod
393 3164 432 3210 troi
443 3175 532 3210 tantum
542 3162 708 3225 responderet,
721 3165 820 3222 omisso,
831 3163 896 3227 qnod
909 3163 976 3212 alteri
986 3166 1128 3210 consentiret.
1141 3161 1277 3210 Distinctioe

227 3245 282 3280 nens
291 3231 365 3290 illam,
381 3249 393 3278 a
406 3235 493 3296 Dausq.
504 3235 554 3296 jorn
564 3237 721 3298 propositam,
734 3246 821 3297 preter
831 3235 904 3283 Drak.
917 3249 1028 3297 recepere
1042 3233 1124 3281 beleb.
1138 3245 1161 3279 et
1172 3229 1275 3284 Ernesti,

230 3393 362 3434 eventurn.
375 3383 415 3435 cf.
429 3383 476 3434 int.
488 3383 549 3448 XV,
563 3385 597 3438 36
609 3397 635 3438 et
647 3403 730 3457 anpss
775 3387 797 3437 si
809 3403 864 3439 nno
883 3387 909 3436 in
926 3385 987 3436 loco
999 3383 1069 3436 male
1086 3399 1127 3434 res
1140 3381 1277 3444 cessisset,

230 3458 299 3523 adl,
312 3461 375 3522 2683
386 3464 429 3529 IV,
441 3464 488 3533 73¹
498 3485 505 3525 ς
516 3465 605 3536 Heyue
614 3463 648 3516 ad
657 3465 730 3538 Vir-g,
775 3467 803 3517 iu
812 3465 896 3517 altero
905 3477 993 3517 tamen
1002 3465 1072 3515 forte
1081 3461 1186 3514 felicior
1195 3467 1278 3522 essem

230 3539 333 3592 AEneid.
346 3542 384 3607 X,
402 3559 446 3608 ιο,
462 3557 487 3596 et
501 3543 540 3594 Cl.
553 3544 678 3617 Doering.
695 3545 731 3597 ad
774 3547 838 3598 Ern.

229 3619 321 3691 Eclog.
333 3633 395 3673 vett.
407 3633 491 3693 poert.
502 3621 559 3674 latt.
567 3641 596 3694 p.
609 3623 674 3694 259,
684 3623 731 3677 obi
810 3625 853 3677 63.
874 3625 915 3676 Ti.
937 3622 1109 3695 Sempronius
1133 3617 1276 3685 Gracchus,

228 3713 333 3765 monet,
350 3719 411 3752 eum
426 3700 479 3754 dici
489 3702 580 3773 sctum
595 3701 729 3772 lacessere,
773 3703 920 3756 Canauna
934 3701 1024 3767 urbis,
1043 3701 1095 3754 538
1114 3700 1166 3765 (cf.
1183 3697 1276 3764 ale,

230 3783 275 3851 qui
286 3783 361 3853 quasi
372 3779 428 3851 ὑπὲρ
436 3778 504 3852 μόιιι
517 3795 616 3836 temere
626 3784 730 3856 aliquid
774 3782 826 3853 495
833 3784 858 3857 ),
871 3782 953 3834 tutela
964 3780 1005 3834 vel
1015 3781 1075 3853 ipsis
1087 3782 1166 3832 muris
1175 3778 1275 3843 certior,

229 3873 332 3921 testets
349 3859 382 3932 de
402 3880 455 3933 qua
472 3861 607 3916 locutione
621 3865 728 3916 Homer.
774 3862 875 3916 firmins
894 3861 1063 3933 presidium,
1082 3872 1193 3931 propter
1209 3859 1275 3908 insi·

229 3939 291 3990 Vid.
307 3941 422 4012 Koppcn
440 3939 475 3992 ad
490 3939 567 3993 Iliad.
579 3943 609 4003 β,
626 3941 691 4010 155,
703 3955 730 3996 et
773 3961 852 4015 guen
871 3945 1013 4008 virtutem,
1032 3957 1091 4010 quoe
1110 3948 1277 3990 nottestan

229 4015 333 4070 Ernesti
346 4019 380 4072 ad
392 4019 487 4092 Odyss.
502 4042 533 4088 u,
546 4021 595 4089 34,
604 4021 648 4075 35.
771 4021 828 4074 Ltv.
838 4023 928 4088 xxtt,
945 4022 992 4092 57;
1004 4019 1104 4086 xxm,
1119 4033 1163 4086 19,
1179 4017 1212 4081 ²4
1223 4031 1275 4084 lqo

264 4099 307 4150 ts.
328 4103 469 4170 umento,
487 4103 561 4155 vario
580 4103 683 4174 impetn
702 4117 728 4156 et
772 4101 823 4168 30,
837 4101 888 4171 373
906 4101 1005 4166 XXIV,
1027 4115 1072 4166 ιο,
1093 4096 1124 4162 14
1141 4111 1212 4163 ῦθῑιη
1227 4093 1276 4157 43ὅ

231 4189 318 4244 motu,
333 4196 386 4249 quo
396 4179 487 4234 hostes
500 4182 687 4251 conturbaret,
697 4196 728 4235 ιιι
771 4180 853 4248 XXV,
868 4199 895 4246 t,
907 4181 938 4244 3,
955 4180 985 4233 15
999 4193 1054 4247 seq.
1067 4205 1103 4217 -
1114 4175 1153 4226 De
1165 4189 1189 4222 ι.
1200 4170 1235 4238 64
1247 4185 1273 4225 et
