2930 4644
351 331 414 398 DE
438 331 557 399 stall
581 330 696 394 VlTA
719 330 782 394 ΕΤ
804 332 1036 400 GARMINE.
1155 348 1214 424 dor
1313 413 1316 424 ,

170 472 233 554 ipse
245 487 331 533 onus
344 472 418 547 fuit,
433 472 466 531 in
480 471 592 530 Senatu
607 467 724 530 habirit.
736 495 750 524 u
770 470 860 530 Addit
874 475 1034 555 antiquam
1050 477 1220 564 inscriptio·

170 582 256 637 nem,
272 583 367 644 quam
381 561 474 620 etiam
488 560 653 631 Gruterus,
667 577 737 640 pag.
754 559 826 633 385,
842 571 877 618 u⁰
897 581 925 634 r,
939 562 1093 627 exhibuit:

291 707 448 748 COLONlA
470 703 699 744 troarcensis
722 703 758 742 {N
781 703 882 744 Paov.
906 689 1099 771 ommno).

170 808 260 886 Quod
275 811 299 870 si
313 831 384 892 ergo
398 831 434 871 ex
447 809 595 890 Hispania
607 807 665 869 hoc
678 829 791 868 nomen
804 823 892 885 esset,
909 809 1093 874 Italicensem
1104 819 1219 897 potius,

171 921 267 980 quam
280 899 431 972 Italicum,
446 897 667 979 adpellandum
681 896 790 957 Silium
804 896 895 958 fuisse
908 915 1060 962 autumat.

208 989 262 1048 Est
280 988 404 1070 quidem
421 987 584 1047 discrimen
604 983 781 1066 hujusmodi
799 988 1070 1065 terminationum‚
1089 1006 1125 1052 ut
1144 995 1221 1058 alius

171 1077 318 1158 Hispanus
332 1077 383 1152 sit,
398 1075 475 1136 alius
489 1075 698 1156 Hispaniensis.
713 1073 863 1134 Martialis
877 1075 1002 1156 epistola
1018 1077 1056 1138 ad
1071 1079 1224 1159 Priscum,

170 1187 266 1248 quam
282 1165 361 1226 libro
376 1167 431 1226 llll
451 1163 597 1246 praefixit,
618 1177 771 1222 extrema:
794 1189 807 1218 ιι
821 1185 860 1224 ne
877 1166 1009 1226 Romam
1028 1189 1092 1229 uon
1116 1173 1225 1255 Hispa-

171 1258 306 1318 niensem
324 1257 439 1318 librum
455 1256 630 1326 mittamus,
650 1252 700 1313 sed
718 1253 901 1333 Hispanum.
913 1280 927 1310 ιι
949 1257 1100 1338 Sosipater
1119 1259 1225 1322 Chari-

171 1347 246 1420 sius,
258 1347 311 1407 lib.
323 1347 351 1421 l,
364 1368 394 1428 p.
408 1343 462 1420 84,
474 1355 572 1425 potest
586 1343 759 1423 interpretis
770 1342 836 1403 loco
848 1365 918 1404 esse.
936 1347 1068 1423 uQuum
1082 1348 1226 1430 dicimus,

171 1435 278 1510 inquit,
290 1431 495 1505 HlSPANUS,
511 1448 623 1489 nomen
639 1429 772 1489 nationis
785 1431 992 1518 ostendimus:
1008 1455 1106 1514 quum
1121 1453 1223 1500 autem

171 1521 462 1593 HISPANlENSES,
486 1537 657 1598 cognomen
680 1538 802 1592 eorum,
826 1521 879 1601 qui
901 1523 1092 1602 provinciam
1117 1529 1225 1610 Hispa·

168 1610 256 1668 niam
269 1608 390 1684 colunt,
404 1609 459 1668 etsi
474 1627 537 1667 non
553 1621 626 1666 sunt
640 1607 779 1688 Hispani.
791 1631 805 1664 ιι
821 1609 925 1670 Tacito
939 1613 1032 1672 etiam
1047 1617 1224 1696 Hispanien-

170 1717 212 1756 ses
231 1698 370 1756 exercitus
389 1708 461 1756 sunt
483 1692 594 1754 Annal.
617 1695 646 1768 1,
668 1693 701 1768 3,
724 1695 777 1776 qui
799 1695 831 1754 in
854 1697 1002 1780 Hispania
1023 1700 1171 1778 militant,
1190 1725 1226 1766 ex

171 1783 237 1844 aliis
255 1783 430 1844 nationibus
446 1781 617 1862 conscripti.
637 1781 740 1840 Festus
757 1783 919 1865 Pompeius
935 1805 1058 1867 quoquc
1073 1788 1106 1847 in
1124 1793 1225 1850 Corin·

172 1870 306 1948 titienses,
324 1892 386 1932 non
400 1869 585 1930 dissimiliter
601 1869 660 1927 ait:
684 1893 697 1922 ιι
709 1871 929 1946 Romanenses,
948 1887 977 1932 et
997 1875 1225 1956 Hispanienses,

169 1975 200 2021 et
223 1961 388 2021 Sicilienses
409 1961 609 2040 negotiatores
630 1957 773 2032 dicimus,
801 1960 854 2040 qui
875 1960 908 2019 in
929 1961 1035 2022 alienis
1055 1965 1227 2029 civitatibus

171 2049 385 2129 negotiantur:
400 2072 413 2102 n
433 2045 491 2106 nisi
505 2045 537 2104 in
554 2065 623 2105 voce
636 2043 740 2105 alienis
755 2045 938 2127 ambiguitas
954 2049 1044 2125 inest,
1059 2071 1128 2133 quae
1142 2069 1227 2114 extra

170 2138 352 2222 Hispaniam
371 2139 506 2198 civitates
524 2131 682 2217 significet.
699 2136 780 2195 Nam
795 2136 877 2217 quod
892 2135 1046 2198 Charisius
1059 2139 1223 2206 discrimen

168 2225 271 2302 docet,
293 2248 491 2309 nequaquam
512 2239 555 2286 est
575 2239 773 2307 perpetuum,
793 2238 823 2286 et
842 2225 960 2288 Plinius
978 2250 1101 2312 quoque
1115 2235 1224 2316 Hispa·

169 2321 299 2378 niensem
318 2319 469 2378 Oceanum
488 2314 563 2375 dixit
582 2314 634 2374 lib.
655 2315 812 2390 xxxvii,
836 2336 885 2389 ro,
906 2318 960 2398 qui
977 2319 1159 2400 Hispaniam
1174 2323 1226 2382 ad-

170 2405 245 2467 luit:
265 2421 295 2466 et
312 2425 445 2486 spumam
465 2403 623 2484 (argenti)
641 2404 858 2483 Hispaniensis,
879 2405 1023 2480 Xlllllll,
1043 2407 1071 2466 6.
1090 2409 1226 2489 Neglth

169 2495 274 2576 itaque
287 2495 419 2568 Plinius,
437 2513 533 2574 quam
548 2491 750 2552 Grammatici
765 2492 936 2566 inculcant,
951 2493 1174 2572 differentiam,
1189 2513 1225 2559 ut

171 2581 263 2656 adeo,
277 2581 301 2639 si
315 2593 451 2640 ceterum
465 2591 582 2638 constet
595 2577 633 2637 de
646 2578 763 2658 origine
776 2599 811 2656 ex
825 2581 989 2661 Hispania,
1006 2583 1055 2641 vix
1070 2603 1104 2642 ex
1120 2605 1156 2644 eo
1172 2585 1226 2646 illa

171 2668 299 2731 convelli
314 2669 420 2750 possit,
436 2667 517 2749 quod
530 2665 649 2728 Italicus
660 2681 776 2742 noster,
792 2689 856 2728 non
869 2666 1031 2731 Italicensis
1042 2672 1224 2754 adpelletur.

172 2757 309 2820 Italicesii
321 2758 468 2831 nominis,
481 2757 563 2838 quod
575 2777 653 2839 pure
664 2757 808 2818 Graecum
821 2773 880 2832 est,
893 2758 978 2818 nulla
990 2758 1123 2822 habetur
1137 2766 1223 2826 ratio.

171 2849 201 2908 Si
215 2847 275 2908 fuit
289 2860 393 2906 autem
411 2847 442 2904 in
457 2845 606 2926 Hispania
621 2857 726 2920 natus,
744 2858 928 2906 nontamen
942 2860 971 2906 et
985 2849 1149 2927 barbarus,
1170 2867 1224 2914 aut

170 2957 205 2998 ex
224 2935 360 3016 antiquis
378 2933 522 3015 Hispanis
542 2932 616 3007 fuit,
637 2933 709 3014 quia
728 2930 834 2991 Italico
852 2933 972 2993 colonia
990 2937 1129 2998 Romana
1143 2954 1225 3015 erat,

169 3024 316 3106 Scipionis
331 3043 423 3104 opus,
440 3021 495 3102 qui
509 3022 541 3080 in
556 3020 643 3080 illam
656 3020 769 3080 debiles
783 3041 818 3080 ac
831 3019 1006 3083 vulneratos
1019 3026 1164 3086 exercitus
1177 3027 1227 3088 sui

170 3112 281 3173 milites
298 3110 471 3186 collocavit,
490 3129 620 3190 eamque
639 3109 678 3169 ab
697 3107 785 3169 ltalia
804 3107 939 3168 Italicam
954 3109 1132 3192 adpellavit,
1151 3116 1226 3196 quia

171 3203 238 3265 ltali
252 3216 354 3277 etant,
369 3222 445 3284 quos
460 3201 493 3260 in
507 3199 661 3260 coloniam
674 3199 760 3259 illam
774 3199 943 3260 deducebat
952 3202 1001 3280 (a).
1018 3201 1097 3263 Huic
1110 3204 1148 3264 de
1160 3207 1223 3266 Silii

170 3307 241 3354 ortu
259 3292 415 3354 sententiae
433 3303 462 3350 et
482 3289 577 3349 altera
591 3289 716 3371 propius
730 3289 959 3370 quodammodo
973 3289 1106 3368 adcedit‚
1126 3315 1223 3375 quam

170 3382 274 3443 itidem
289 3382 397 3442 Petrus
411 3379 547 3438 Crinitus
561 3379 820 3438 commemoravit.
838 3403 852 3432 ιι
865 3380 943 3438 Sunt
957 3378 1024 3454 alii,
1043 3383 1150 3460 inquit,
1169 3386 1224 3464 qui

171 3493 225 3553 per
237 3491 306 3532 suos
320 3466 450 3549 majores
464 3469 640 3528 Romanum
656 3467 747 3528 fuisse
760 3465 883 3541 dicant,i
899 3467 948 3528 sed
965 3470 1083 3549 generis
1097 3471 1222 3532 initium

171 3560 291 3619 traxisse
306 3558 345 3618 ab
357 3557 540 3639 Hispanis,n
554 3554 612 3616 hoc
626 3571 684 3630 est,
698 3553 828 3636 majores
838 3554 949 3615 Silii-ex
963 3554 1016 3614 illa
1028 3557 1223 3638 Hispaniensi
1293 3563 1297 3571 ’

172 3718 227 3790 pali
234 3717 273 3770 vel
283 3721 422 3771 recentiori
430 3717 531 3772 Sevillae
539 3717 671 3789 proxima.
715 3713 782 3778 ιιιιὶι,
796 3715 825 3773 cic
840 3715 879 3768 inl
892 3713 975 3786 sigim,
988 3716 1139 3780 mussan,
1152 3719 1222 3790 ocrei-

173 3797 251 3850 cont.
264 3809 319 3848 not.
334 3814 363 3864 π,
375 3798 454 3850 infra.
718 3816 766 3847 ιιισι
778 3794 830 3852 eale
842 3797 991 3864 ιμνμινιίις
1006 3796 1028 3852 ic
1042 3794 1121 3860 nisu,
1135 3797 1159 3853 tv
1172 3799 1222 3854 niel

207 3877 248 3947 (Ι)
262 3878 340 3930 Gonl.
353 3879 432 3930 etiam
442 3879 509 3929 Hira.
522 3877 596 3930 Alex.
611 3873 653 3927 52.
717 3877 757 3932 aie
767 3875 873 3930 'lemine
881 3874 997 3929 'quen
1007 3874 1111 3928 iniisset·
1122 3877 1162 3930 ui
1173 3899 1224 3932 n-

209 3955 248 4027 (2)
258 3957 372 4028 Appiau.
382 3956 415 4010 de
423 3956 503 4010 rebus
511 3957 673 4026 Hispanicis,
717 3953 765 4023 epis
775 3953 945 4025 iml'rpalaui
953 3975 979 4006 ιιι
988 3955 1165 4027 ιιύῊμιιιιῢ,
1177 3961 1227 4014 mlv

173 4057 197 4090 c.
211 4037 260 4103 38,
272 4049 336 4088 tom.
347 4035 374 4101 l,
386 4053 412 4105 p.
428 4034 490 4100 145,
504 4033 567 4100 ilfi,
577 4033 618 4086 etl.
632 4033 672 4085 Gl.
720 4033 810 4101 insipat
822 4031 942 4098 “Peneion
959 4032 1079 4103 siphinius
1092 4035 1134 4088 onis
1150 4037 1229 4086 ades-

171 4112 676 4190 Sclaneiglrius.‘02nn·ierinlysrnpe·
720 4111 823 4180 ιριίτσμ
835 4109 919 4178 ἀρχὴ.

249 4223 262 4256 2
1051 4199 1084 4250 26
