2960 4644
445 278 508 373 o.
548 276 705 371 sinn
742 269 994 368 ratmot

348 573 1105 736 numentanus

161 942 164 950 '
225 931 448 1035 LIBER
476 927 812 1034 DECIMUS
841 927 1222 1038 SEPTIMUS.

206 1259 493 1287 mmm&
497 1255 1249 1286 mmmmm

564 1497 896 1558 ARGUMENTUM.

210 1722 326 1834 Quum
343 1749 506 1808 inventum
525 1761 603 1808 esset
620 1767 743 1808 carmen
761 1747 792 1804 iu
809 1745 898 1804 libris
914 1744 1074 1828 Sibyllinis
1092 1749 1252 1832 inspectis,

209 1835 317 1898 luem
328 1833 398 1917 pelli
410 1833 500 1895 Italia
510 1837 642 1916 vincique
651 1855 744 1915 posse,
756 1835 781 1892 si
793 1846 885 1894 muter
893 1833 976 1894 ldoeu
986 1855 1006 1892 o
1019 1835 1187 1902 Pessinunte
1197 1845 1255 1902 Ro-

209 1945 290 1986 mom
306 1935 498 2005 transpuncta
511 1936 595 1998 essst5
610 1941 769 2004 quumque
781 1920 943 1980 oraculum
955 1921 1139 2002 Delphicum
1155 1927 1256 1992 dedis-

208 2026 256 2076 set
266 2032 461 2096 responsum,
472 2013 571 2072 Deam
581 2009 721 2091 bospitio
731 2006 944 2090 excipiendam
955 2029 1020 2070 esse
1030 2010 1069 2070 ab
1078 2034 1129 2089 eo,
1142 2019 1195 2098 qui
1208 2021 1255 2082 vir

207 2105 347 2186 optimus
359 2103 465 2173 Romae
477 2115 570 2162 esset:
588 2101 680 2160 missa
695 2100 728 2157 in
743 2097 911 2178 Phrygiam
925 2120 1004 2158 nave
1019 2100 1182 2166 advehitur
1196 2109 1256 2191 Cy-

207 2191 291 2266 bele,
302 2203 333 2249 et
346 2190 450 2270 Scipio
463 2190 586 2264 Nasica,
599 2209 691 2268 quern
707 2187 815 2249 Patres
825 2185 1041 2266 judicaverant
1057 2192 1087 2248 iu
1104 2206 1168 2252 tota
1181 2198 1256 2258 civi,-

209 2292 273 2340 tate
285 2281 387 2338 virum
400 2279 557 2338 bonorum
569 2279 726 2356 optimum
740 2294 819 2350 esse,
832 2275 951 2334 Ostiam
964 2275 1007 2334 ire
1016 2273 1118 2356 jussus
1130 2279 1258 2344 obviam

208 2369 299 2442 Deoe,
319 2385 389 2424 cam
410 2363 528 2446 adripit
546 2363 585 2422 de
606 2383 698 2435 nare,
721 2381 791 2441 quas
811 2359 923 2421 deiude
945 2363 1024 2422 inter
1042 2367 1258 2446 cymbalorum

209 2467 499 2536 tympanorumque
520 2453 680 2530 strepitus,
702 2449 883 2510 saltationes
901 2463 932 2508 et
949 2465 1057 2512 cantus
1072 2475 1091 2512 a
1108 2459 1258 2518 matronis

212 2561 267 2622 per
276 2540 413 2598 Tiberim
423 2535 573 2610 trahitur3
589 2557 693 2596 1-22.
706 2535 823 2612 Eadem
833 2556 907 2595 mox
917 2537 949 2594 iu
961 2537 1040 2596 vado
1051 2539 1188 2602 fluminis
1197 2541 1259 2606 bas·

213 2644 274 2703 ret;
287 2640 319 2688 at
329 2627 460 2688 Claudia
472 2626 592 2702 Quinta
603 2623 765 2707 propalam
779 2637 915 2705 precata,
929 2623 964 2684 ut
976 2627 1018 2684 ita
1032 2625 1156 2690 demum
1170 2653 1200 2692 se
1213 2653 1259 2692 se·

215 2730 375 2800 queretur,
395 2716 418 2774 si
437 2713 603 2796 pudicitia,
623 2713 760 2774 amultis
777 2715 809 2772 iu
826 2710 959 2786 dubium
975 2721 1096 2792 vocata,
1113 2720 1173 2778 sibi
1187 2742 1259 2784 cou-
1277 2775 1283 2780 .

214 2818 321 2880 staret,
336 2803 422 2864 facili
438 2825 505 2864 eant
521 2805 646 2885 negotio
662 2803 725 2863 sola
742 2815 860 2876 movet3
875 2801 1000 2877 23-45.
1016 2806 1093 2866 Turn
1107 2805 1178 2868 luta
1191 2831 1261 2892 spes

213 2899 290 2962 belli
312 2895 436 2958 taudem
456 2893 589 2958 feliciter
607 2893 791 2956 conficiendi
813 2895 956 2964 omnium
973 2896 1094 2961 animos
1110 2911 1206 2978 tenet,
1228 2915 1260 2962 et

211 2991 316 3073 Scipio
335 3009 351 3048 c
367 2987 471 3050 Sicilia
486 3006 559 3047 cum
575 2985 671 3048 classo
688 2984 860 3068 profectus,
878 3000 1009 3055 mactata
1028 2989 1151 3054 victima
1170 2994 1259 3073 aqui-

214 3081 316 3160 lisque
325 3079 410 3138 viam
420 3076 681 3152 monstrantibus,
692 3077 726 3136 in
736 3075 869 3138 Africam
882 3076 1010 3156 trajicit,
1020 3075 1148 3151 46-58.
1159 3083 1261 3164 suspo-

213 3169 280 3231 sitis
299 3167 343 3228 ibi
368 3164 480 3245 copiis,
501 3163 539 3225 ad
558 3162 745 3246 Syphacem,
766 3163 837 3245 qui,
858 3162 949 3225 ducta
971 3165 1006 3226 in
1022 3168 1260 3232 matrimonium

215 3254 419 3320 Hasdrubalis
431 3252 512 3328 filia,
524 3273 541 3314 a
553 3253 701 3316 Romanis
711 3253 790 3316 desei
796 3265 879 3314 verat
889 3252 927 3314 ad
939 3255 1067 3330 Pmnos,
1079 3257 1182 3320 literas
1192 3259 1259 3336 dat,

214 3345 331 3426 quibua
343 3345 437 3410 ctiam
447 3339 540 3422 atque
549 3343 642 3402 etiam
657 3355 764 3403 monet
775 3361 861 3418 eum,
874 3359 913 3402 ue
922 3341 992 3420 jura
1004 3341 1129 3425 hospitii
1142 3366 1260 3424 secum,

215 3449 361 3500 naucum
375 3429 497 3512 populo
512 3431 653 3492 Romano
667 3431 752 3493 initae
764 3431 919 3492 societatis
931 3428 1034 3504 lallau
1048 3433 1174 3510 59-82.
1188 3433 1259 3514 Quo

217 3537 313 3596 quum
328 3517 409 3578 nihil
423 3516 617 3599 profecisset,
634 3531 734 3578 castra
751 3517 956 3578 Numidarum
974 3529 1004 3576 et
1017 3517 1152 3600 mapalia
1167 3541 1260 3582 aruu-

218 3602 293 3664 dine
309 3617 393 3666 tenta
409 3621 503 3668 noctu
523 3603 677 3680 inccndit3
699 3605 827 3686 83-91.
847 3603 988 3664 Flamma
1005 3605 1065 3666 late
1082 3605 1180 3668 effusa
1196 3630 1260 3670 uno

207 3707 343 3773 repento
353 3696 457 3762 omnia
470 3693 573 3755 haurit
584 3693 747 3768 incendio,
760 3707 789 3754 et
802 3715 852 3754 rex
868 3697 932 3775 ipse
945 3697 992 3754 vix
1006 3716 1023 3754 e
1035 3715 1145 3756 somno
1158 3719 1261 3779 exper-

209 3780 356 3861 gefactus
367 3781 524 3845 asatsllite
535 3783 663 3866 effugia
675 3785 824 3862 92-108.
835 3783 908 3842 Mox
919 3779 1054 3866 Syphax,
1072 3788 1130 3860 ira,
1142 3787 1261 3866 pudore

203 3868 427 3949 ⁴precibusque
445 3871 588 3954 conjugis
609 3890 727 3947 motus,
744 3871 899 3932 residuam
916 3870 1110 3952 juventutem
1128 3876 1206 3934 excit
1224 3893 1261 3934 ex

206 3977 332 4038 regno,
347 3973 377 4018 et
387 3959 576 4022 Hasdrubali
585 3960 709 4041 junctus
719 3963 874 4022 concitato
885 3963 989 4042 inpetu
1004 3963 1036 4022 in
1047 3965 1206 4024 Romanos
1215 3963 1261 4018 in·

101 4063 105 4068 ·
216 4047 330 4111 currit:
344 4059 389 4123 at,
400 4066 480 4126 equo
491 4049 625 4130 graviter
635 4049 696 4118 icto
704 4047 837 4124 effusus,
847 4050 937 4113 visua
946 4049 1082 4131 capitum
1097 4040 1259 4124 roua-145·

1076 4158 1118 4192 22.
