2930 4644
277 299 340 384 tq
604 288 984 358 conueuusmo

276 443 428 514 nibalem,
447 439 486 498 de
504 435 716 498 characterum
732 434 780 498 vel
798 437 957 518 epicurum
977 453 1178 516 personarum
1195 453 1349 494 numero

275 545 329 592 aut
344 529 504 600 varietate,
522 525 561 585 de
578 527 713 599 actione,
731 537 761 584 et
776 524 814 583 de
830 523 1042 605 episodiomm
1059 541 1131 582 cum
1148 522 1348 582 narratione

275 641 371 692 nexu,
386 630 493 698 argute
507 615 619 696 magis,
632 634 727 696 quam
741 633 825 688 vere,
841 627 912 695 apte
928 625 1020 694 atque
1036 611 1152 672 utiliter
1167 611 1343 692 disputan·

273 725 335 772 tur.
350 711 422 768 llaer
435 707 542 768 emnia
558 708 698 789 persequi
713 717 743 764 et
756 717 894 764 excutere
905 701 984 763 nihil
998 703 1131 776 adtinet,
1145 703 1299 782 qnoniam
1316 721 1340 759 a

273 799 350 872 line,
366 817 459 877 quem
472 809 561 880 poete
577 795 773 878 propositum
786 793 843 853 sibi
857 791 980 866 habuit,
995 811 1121 874 prorsus
1133 791 1232 850 aliena
1245 805 1338 852 sunt.

273 889 345 949 Non
366 887 449 948 enim
471 887 593 964 epicum
613 903 740 942 carmen
761 883 893 942 scribere
914 880 1030 954 voluit,
1054 880 1105 940 sed
1126 879 1337 950 historicum,

273 975 365 1058 quale
381 974 471 1034 multi
485 973 564 1054 jam,
579 973 663 1052 iique
674 971 881 1050 antiquissimi
898 984 996 1052 poetae
1010 985 1082 1029 ante.
1095 989 1166 1029 eum
1181 967 1335 1028 condide-

273 1079 361 1126 rant:
385 1065 502 1142 inquo
525 1079 610 1122 nune
631 1060 719 1120 video
741 1079 863 1120 mecum
886 1061 1061 1120 consentire
1081 1059 1145 1118 Cel.
1165 1060 1275 1140 lleyne
1293 1057 1334 1116 in

273 1153 385 1216 Annal.
400 1151 513 1212 literar.
528 1151 684 1229 Goetting.
699 1169 727 1208 a.
746 1151 830 1232 1782.
845 1148 997 1208 Additum.
1012 1171 1042 1230 p.
1056 1150 1124 1208 261.

200 1253 203 1258 “
312 1242 359 1302 lll.
385 1241 519 1312 Ernesti,
545 1238 730 1312 novissimus
754 1239 1082 1318 ingeniosissimusque
1106 1249 1203 1320 poete
1224 1238 1331 1295 nostri

273 1333 422 1412 interpres
436 1340 467 1385 et
479 1325 593 1398 editor,
609 1325 643 1384 in
655 1324 850 1405 disquisitione
863 1324 898 1384 cle
917 1328 1048 1384 carmine
1067 1323 1198 1398 Siliano,
1219 1345 1248 1405 p.
1270 1343 1328 1382 xxi

273 1431 394 1492 mouet,
407 1437 531 1477 carmen
545 1427 687 1474 nostrum
700 1433 766 1474 non
781 1427 846 1474 tum
858 1413 1041 1474 historicum
1052 1435 1130 1488 esse,
1143 1435 1211 1494 quae
1221 1412 1331 1494 adpel-

271 1509 347 1570 latio
363 1509 455 1567 nimis
470 1505 615 1586 ambigua
628 1507 666 1564 sit
680 1517 772 1584 atque
787 1506 916 1578 incerta,
930 1525 1024 1584 quam
1036 1509 1142 1583 μεὶὲτην
1158 1503 1330 1584 quamdam

271 1613 302 1664 et
319 1599 455 1672 ὸπὶδιιξιν,
475 1617 528 1656 seu
543 1597 672 1655 nomine
686 1615 722 1653 ex
736 1592 907 1654 Rhetorum
927 1594 1097 1654 latinorum
1120 1595 1256 1677 palaestra
1276 1617 1329 1676 pe·

271 1691 344 1762 tito,
363 1684 604 1746 declamationem
615 1683 662 1743 vel
676 1685 926 1746 exercitationem
943 1687 1110 1766 poeticam,
1131 1685 1216 1765 cujus
1236 1705 1328 1763 argn-

272 1789 412 1838 mentum
432 1787 540 1834 auctor
561 1793 596 1834 ex
616 1773 688 1833 belli
709 1774 818 1833 Punici
839 1773 965 1834 secundi
984 1772 1112 1833 historia
1133 1773 1191 1833 sibi
1211 1773 1327 1853 delege-

272 1867 370 1944 rit(r).
384 1863 483 1946 liujus
496 1867 598 1924 omnis
611 1865 749 1923 nominis
763 1883 799 1922 ac
812 1865 971 1924 sententie
983 1864 1028 1922 vis
1044 1877 1074 1924 et
1088 1885 1178 1923 causa
1191 1877 1226 1924 ut
1240 1885 1327 1924 accu-

271 1957 367 2016 ratius
380 1953 584 2034 intelligatur,
596 1951 661 2012 haec
675 1953 828 2035 disputat:

314 2069 328 2098 u
338 2044 417 2101 Cum
430 2053 530 2100 vetere
544 2039 688 2115 historia,
701 2055 769 2101 tum
782 2053 896 2101 nostrae
906 2045 1003 2101 etatis
1016 2063 1072 2101 usn
1086 2041 1186 2102 edocti
1201 2045 1326 2112 scimus.

271 2133 432 2191 literarum
451 2141 480 2188 et
499 2131 631 2204 artium,
654 2129 749 2188 veluti
770 2151 806 2189 ex
826 2144 947 2190 natusne
966 2133 1116 2190 universae
1136 2132 1325 2204 imitatione,

271 2222 356 2282 hunc
366 2219 509 2282 ordinem
519 2216 628 2293 luisse,
639 2231 674 2277 ut
687 2240 785 2299 quum
801 2222 937 2303 primum
953 2219 990 2280 ad
1004 2239 1133 2279 summae
1145 2222 1327 2282 excellentia·

272 2310 430 2390 fastigium
450 2305 575 2368 exculte
593 2305 728 2382 fuerint,
751 2310 863 2368 sensim
886 2310 1060 2391 sensimque
1078 2309 1140 2368 sive
1161 2308 1324 2371 hominum

271 2397 385 2462 desidia
402 2409 433 2456 et
449 2394 650 2478 negligentia,
670 2398 732 2456 sive
751 2396 887 2476 quadam
906 2397 1083 2478 emergendi
1106 2398 1143 2458 ad
1165 2399 1276 2459 altiora
1297 2415 1324 2460 et

272 2486 438 2572 superandi
458 2485 684 2567 desperatione,
705 2488 768 2546 sive
789 2487 922 2567 denique
943 2507 1048 2547 rerum
1072 2488 1268 2570 publicarum
1290 2511 1321 2549 ea

271 2579 488 2650 conversione,
501 2595 570 2658 quae
583 2577 744 2658 pristinam
759 2578 959 2658 ingeniorum
972 2581 1036 2637 vim
1048 2577 1219 2661 frangeret,
1237 2595 1325 2662 atque

271 2669 419 2728 aliorsum
435 2665 534 2725 studia
551 2665 733 2738 traduceret,
749 2665 788 2723 ad
806 2667 973 2747 superioris
990 2667 1112 2742 formae,
1128 2689 1225 2749 quam
1240 2693 1322 2730 exue·

271 2770 356 2832 rant,
368 2755 531 2816 exilitatem
544 2753 703 2834 quendam
716 2754 935 2815 relaberentur.
948 2757 1020 2815 llaec
1031 2771 1135 2816 autem
1147 2761 1279 2820 multatio
1291 2763 1320 2820 in

271 2847 360 2907 nullo
375 2861 485 2924 genere
499 2844 656 2902 literarum
672 2844 770 2923 magis
783 2863 878 2924 quam
893 2845 926 2902 in
941 2842 1116 2924 eloquentia
1132 2859 1161 2904 et
1174 2849 1259 2928 poesi
1272 2849 1321 2908 ad·

272 2935 384 3016 paruit.
397 2930 485 3014 Apud
495 2931 617 2990 Graecos
627 2929 753 3011 quidem
765 2930 942 3011 eloquentia
952 2953 1049 3012 quum
1060 2933 1132 2993 inde
1144 2955 1161 2994 a
1171 2935 1285 2998 Solone
1295 2952 1322 2997 et

272 3017 429 3080 Pisistrato
442 3039 497 3101 per
510 3033 650 3101 tempora
666 3021 842 3103 reipublice
858 3020 1049 3082 Atheniensis
1063 3038 1092 3083 et
1106 3025 1254 3087 libertatis
1267 3049 1319 3086 usu

267 3127 301 3171 et
315 3111 635 3192 praestantissimorum
653 3113 852 3193 ingeniorum
868 3112 1007 3172 ubertate
1019 3111 1208 3190 felicissima,
1228 3139 1320 3199 usque

272 3199 311 3258 ad
332 3195 546 3258 Demosthenis
564 3211 684 3259 aetutem
703 3199 870 3275 floruisset,
890 3219 955 3260 non
978 3202 1077 3261 multo
1098 3217 1185 3286 post,
1205 3204 1319 3264 sublata

271 3287 425 3362 libertate,
442 3307 626 3370 morumque
642 3311 676 3350 uc
693 3291 868 3351 studiorum
885 3289 964 3351 facte
982 3296 1168 3368 mutatione,
1186 3315 1203 3352 a
1219 3315 1319 3356 causa·

307 3441 346 3514 (r)
355 3441 414 3494 vid.
425 3441 539 3494 Casuub.
553 3439 773 3512 udl’lreophrast.
819 3445 1049 3516 rumquepetitas3
1058 3444 1260 3516 quibuspostea
1266 3464 1318 3498 sur·

268 3523 350 3575 Char.
365 3524 395 3588 5,
413 3535 438 3574 et
458 3521 496 3574 lll.
512 3521 597 3573 Wolf.
617 3519 719 3590 Proleg.
739 3520 773 3571 ad
819 3521 1160 3574 cesserituovullbetorum
1170 3527 1316 3596 natio,qne

271 3603 408 3656 Demosth.
420 3615 487 3654 orat.
500 3603 574 3671 Lept.
588 3618 615 3669 p.
629 3599 663 3665 34
674 3617 713 3669 sq.
726 3599 773 3652 ubi
818 3619 873 3653 non
894 3606 958 3655 satis
978 3602 1096 3670 babens,
1118 3601 1266 3676 discipulos
1285 3606 1315 3657 ad

272 3698 377 3750 mosset,
401 3683 498 3755 triplex
521 3681 577 3732 lere
601 3677 772 3730 declamatio·
817 3684 1316 3736 universamimitatiorremveteruruiu-

271 3783 334 3818 num
347 3781 430 3836 genus
445 3763 541 3824 fuisse,
555 3775 635 3829 quum
649 3758 694 3810 alii
704 3759 773 3812 lllre·
817 3761 947 3828 formare,
958 3761 1068 3815 auderet
1080 3765 1160 3814 etiam
1173 3767 1231 3835 ipsu
1242 3783 1315 3837 argn-

269 3859 343 3898 tores
366 3862 394 3895 se
417 3846 444 3912 in
467 3841 535 3891 lictis
559 3843 721 3911 argumentis
746 3853 772 3893 et
816 3855 919 3910 menta,
938 3861 996 3914 quae
1015 3841 1050 3894 ab
1066 3842 1119 3894 illis
1136 3843 1312 3896 celebritatem

271 3925 462 4000 questionibus
478 3919 586 3975 infinitis
604 3935 772 3989 exercerent,
816 3922 994 3994 adcepisseut,
1001 3925 1028 3974 in
1037 3937 1172 3976 certamen
1181 3923 1311 3994 quoddam

271 4009 316 4060 alii
330 4023 406 4056 veras
418 4002 468 4052 sibi
484 4019 525 4052 res
538 4015 563 4052 et
578 4019 671 4053 causas
683 4021 772 4059 sume·
815 4021 975 4072 proponere.
998 4003 1058 4054 vid.
1080 4005 1148 4075 llpp.
1172 4003 1267 4056 Pirhoei
1289 4018 1311 4057 et

268 4099 342 4153 rent,
356 4101 386 4136 ex
400 4081 529 4132 memoria
539 4082 705 4152 antiquitatis
715 4081 771 4154 ple·
815 4081 917 4135 AErodii
928 4083 963 4135 ud
975 4083 1087 4148 Quintil.
1102 4083 1247 4138 Declamut.
1267 4086 1308 4136 Eo.
