2930 4644
359 321 423 384 DE
446 318 563 385 SILII
587 315 701 380 VITA
724 315 787 378 ΕΤ
809 315 1042 382 CARMINE.
1161 323 1222 408 4¹7

185 479 309 543 poeseos
326 459 500 544 parens(1),
523 459 558 520 1..
575 457 688 530 Attius,
709 475 762 514 seu
778 455 884 514 Accius
906 455 1048 532 Pacuvii,
1065 459 1118 539 q'ui
1134 461 1229 520 Ennii

184 571 221 612 ex
241 572 353 626 sorore,
367 570 463 633 nepos
483 547 560 621 fuit,
579 543 705 628 aequalis
716 543 771 624 (a),
793 557 823 604 et
842 546 876 603 A.
895 545 1004 605 Furius
1022 549 1144 624 Antias,
1162 551 1229 626 vel,

186 639 270 720 quod
287 639 339 700 alii
355 650 479 722 putant,
494 635 536 698 M.
551 635 661 702 Furius
675 631 838 692 Bibaculus
849 633 890 711 (3)
908 633 1038 695 Annales
1055 637 1230 714 Romanos,

189 727 246 788 Cn.
256 730 394 804 Naevius,
408 725 638 807 antiquissimus
652 735 756 804 poeta,
773 721 916 782 Saturnio
931 734 1028 783 metro
1042 723 1156 787 bellum
1173 730 1232 788 Pu·

190 821 295 878 nicum
312 819 461 902 primum,
479 818 512 876 ln
528 835 591 895 quo
608 813 672 896 ipse
688 811 839 894 stipendia
855 809 966 871 fecerat
977 811 1032 894 (d),
1055 827 1085 873 et
1103 815 1155 876 alii
1174 817 1235 878 alia

190 907 284 982 bella,
299 929 328 969 v.
340 929 365 968 c.
378 905 505 968 OvidIus
519 903 691 976 Actiacum,
704 903 738 962 P.
750 901 909 962 Terentius
921 902 1021 962 Varro
1033 905 1177 976 Atacinus
1188 907 1236 967 Se.

191 996 359 1076 quanicum
367 995 421 1077 (5),
436 993 562 1054 Hostius
578 993 720 1052 Istricum
729 991 785 1070 (6),
801 1002 831 1048 et
844 989 1007 1050 Cornelius
1016 992 1144 1054 Severus
1155 996 1237 1055 Sicu·

192 1085 259 1146 lum
268 1087 322 1169 (7),
340 1087 446 1148 Cicero
463 1095 580 1156 autem,
605 1093 714 1164 praeter
734 1079 931 1140 consulatum
951 1101 987 1140 ac
1007 1092 1147 1164 tempora
1168 1105 1239 1161 sua,

193 1195 257 1250 res,
280 1195 298 1234 a
318 1175 434 1248 Mario,
456 1171 613 1252 municipe
631 1190 703 1243 suo,
721 1180 750 1228 et
765 1168 907 1228 Rabirius
927 1189 988 1244 res,
1007 1191 1026 1228 a
1041 1171 1083 1230 M.
1103 1173 1240 1234 Antonio

193 1265 370 1325 Triumviro
383 1275 480 1344 gestas
487 1261 543 1340 (8),
557 1258 693 1318 versibus
705 1255 1016 1339 comprehenderunt.
1029 1261 1099 1321 Non
1111 1261 1243 1324 defuisse

195 1357 287 1414 etiam
303 1367 374 1414 ante
389 1351 513 1425 Silium,
534 1349 588 1428 qui
608 1346 725 1406 bellum
744 1347 898 1406 Punicum
919 1348 1087 1409 secundum
1108 1354 1245 1413 carmine

198 1451 466 1524 persequerentur,
480 1457 515 1497 ex
527 1436 640 1496 Ovidio
656 1437 851 1515 cognoscitur
859 1436 909 1515 (9).
924 1436 1066 1511 Quantus
1081 1459 1154 1501 vero
1170 1462 1245 1522 prae·

197 1547 245 1591 ter
259 1529 342 1604 illos,
357 1548 435 1609 quos
449 1524 626 1599 nomiuavi,
644 1543 793 1584 numerus
806 1525 1021 1584 Romanorum
1035 1523 1141 1605 fuerit,
1158 1532 1212 1612 qui
1228 1553 1247 1591 a

200 1620 302 1701 primo
315 1617 469 1676 bonarum
482 1615 596 1672 artium
609 1613 699 1674 initio
711 1608 872 1672 historiam
884 1611 1020 1673 versibus
1034 1620 1247 1698 expresserint,

160 1713 165 1722 '
200 1725 336 1788 quorum
352 1702 446 1765 hodie
461 1703 512 1762 vix
528 1701 672 1774 nomiua,
689 1697 737 1760 vel
753 1699 835 1760 tituli
852 1713 882 1759 et
897 1711 1080 1780 argumenta
1096 1705 1250 1768 librorum

202 1808 277 1856 nota
289 1806 375 1868 sunt,
392 1792 565 1852 docuerunt
578 1785 738 1870 Stephani,
752 1787 922 1848 Maettarius
937 1803 968 1848 et
985 1789 1051 1866 alil,
1069 1794 1122 1873 qui
1138 1817 1248 1857 eorum

200 1881 373 1965 fragmenta
381 1880 586 1961 collegerunt.
604 1878 736 1950 Eorum,
750 1897 825 1958 quos
838 1879 989 1952 recensui,
1002 1879 1053 1940 alii
1068 1903 1134 1944 non
1148 1887 1248 1949 multo

202 1988 271 2056 post
280 1971 396 2032 bellum
405 1971 558 2030 Punicum
570 1967 722 2049 primum,
732 1965 784 2025 alii
796 1987 870 2026 vero
880 1969 1008 2048 Augusti
1018 1989 1101 2046 aevo,
1111 1973 1249 2058 adeoque

199 2064 235 2124 iis
247 2060 453 2144 temporibus,
468 2056 580 2138 quibus
595 2055 694 2138 prima
709 2076 834 2138 poeseos
848 2055 965 2130 latium,
976 2057 1172 2142 ejusdemque
1184 2063 1249 2124 leli-

201 2148 602 2224 cissimafiritaetas,vi1ere:
616 2165 786 2226 eorumque
797 2145 971 2228 exemplum
981 2160 1011 2206 et
1019 2153 1146 2232 vestigia
1156 2157 1250 2215 secuti

201 2253 273 2301 aunt
284 2237 384 2299 multI.
396 2237 482 2314 Quos
497 2254 604 2295 omnes
619 2235 652 2292 in
664 2231 907 2292 declamatorum
920 2233 1063 2296 ordinem
1075 2237 1250 2320 detrudere,

202 2347 372 2408 eorumque
390 2335 532 2408 poemata
551 2324 586 2381 in
603 2341 730 2382 censum
747 2319 913 2402 puerilium
931 2324 1185 2388 exercitationum
1205 2337 1250 2390 rei

203 2415 298 2490 ferre,
314 2414 362 2474 vel
376 2412 452 2471 adeo
467 2413 550 2492 ipsos
564 2409 741 2489 ignorantia
755 2423 785 2467 et
797 2408 954 2490 jejunitate
969 2431 1093 2488 eorum,
1112 2420 1166 2497 qui
1184 2441 1253 2480 non

205 2505 322 2586 ingenii
334 2515 363 2563 et
376 2501 524 2560 doctrina
537 2498 664 2580 opibus,
681 2497 732 2558 sed
745 2497 914 2580 puerilibus
930 2501 1104 2562 carminum
1119 2507 1252 2569 scriben-

205 2595 319 2656 dorum
335 2588 476 2652 subsidiis
492 2585 605 2668 adjuti,
621 2585 792 2647 versificare
807 2597 975 2662 conantur,
993 2591 1094 2650 metiri
1111 2593 1203 2672 velle,
1219 2598 1252 2657 id

206 2703 281 2742 vero
301 2693 360 2754 est,
381 2679 541 2738 lautorum
563 2673 703 2734 virorum
724 2671 866 2732 manibus
883 2672 1029 2754 injuriam
1049 2675 1157 2740 fecere.
1181 2683 1253 2744 Non

208 2767 333 2852 quidem
347 2765 371 2826 it
385 2784 468 2836 sum,
483 2761 535 2842 qui
549 2781 674 2842 negem,
691 2771 923 2841 argumentum,
939 2781 975 2821 ex
991 2760 1120 2826 heroicis
1136 2781 1251 2852 tempo-

209 2857 292 2919 ribus
307 2855 452 2938 petitum,
466 2850 505 2910 ad
518 2852 640 2912 ammos
660 2863 690 2911 et
707 2849 909 2910 admiratione
928 2849 1130 2932 adliciendos,
1148 2872 1178 2918 et
1197 2882 1254 2922 vo·

207 2943 325 3028 luptate
343 2937 586 3024 perfundendos,
604 2937 743 3018 adeoque
756 2937 794 2997 ad
814 2937 859 3011 id,
876 2939 960 3020 quod
976 2953 1090 3022 poetae,
1112 2941 1254 3028 inprimis

206 3035 309 3118 epico,
325 3028 519 3114 propositum
535 3049 597 3088 esse
612 3026 717 3102 debet,
734 3025 968 3110 perficiendum,
986 3035 1172 3116 praecipuam
1189 3037 1253 3098 vim

206 3123 330 3186 habere.
343 3121 449 3201 Neque
459 3117 588 3200 ignoro,
603 3117 745 3200 quaejam
756 3116 875 3177 dudtim
887 3133 996 3200 praeter
1007 3120 1082 3183 alios
1097 3129 1257 3188 monuerit

205 3212 372 3276 Petronius
388 3209 484 3290 Setyr.
502 3229 532 3290 p.
549 3229 591 3266 m.
609 3208 684 3267 213:
704 3231 718 3262 ιι
729 3208 834 3267 Crateri
851 3221 920 3290 post
931 3210 1095 3292 Virgilium
1114 3229 1168 3275 aut
1185 3239 1252 3280 non

208 3305 353 3365 viderunt
368 3299 465 3371 viam,
482 3317 543 3378 qua
560 3297 656 3357 iretur
674 3295 713 3356 ad
735 3317 874 3372 carmen,
895 3311 949 3359 aut
966 3301 1064 3360 visam
1082 3303 1253 3368 timuerunt

245 3460 354 3536 (1)Vid.
365 3459 433 3516 cell.
443 3461 524 3527 xvu,
536 3477 565 3513 ar
575 3457 709 3524 3Vosmle
754 3477 819 3512 voce
833 3460 911 3514 I'esea
922 3473 948 3514 et
959 3463 1031 3516 Serv.
1046 3462 1081 3515 ad
1093 3465 1255 3538 Virgilldn.

210 3547 272 3600 hist.
285 3543 331 3596 lat.
346 3542 373 3610 I,
388 3559 411 3594 2.
754 3539 818 3606 XII,
834 3557 890 3593 rar.

248 3621 365 3694 (1)(1111.
381 3621 431 3685 111,
447 3637 490 3689 115
503 3619 623 3672 Maerob.
639 3621 664 3687 l,
678 3637 709 3690 75
788 3620 829 3692 (7)
840 3621 952 3690 Quintil.
963 3623 1003 3689 X,
1019 3641 1040 3676 r.

212 3702 340 3756 Priscian.
353 3700 400 3752 lib.
408 3701 452 3752 VI.
791 3698 830 3770 (Β)
838 3699 898 3752 Vid.
908 3701 987 3752 Ovid.
1000 3720 1031 3754 ex
1043 3705 1127 3757 Ponto
1140 3706 1184 3772 IV,
1194 3725 1252 3778 xvr,

250 3779 291 3852 (3)
303 3779 480 3845 Macrobvl,
496 3797 518 3830 r.
757 3777 786 3840 5;
801 3781 892 3832 Senec.
910 3779 944 3832 de
956 3781 1074 3851 Benvl,
1090 3787 1120 3848 33
1136 3785 1252 3843 Crinitae

251 3857 290 3930 (ἦ)
308 3857 375 3910 Gell.
391 3857 476 3925 xvir,
494 3873 522 3909 αι
534 3877 541 3919 ;
555 3859 663 3911 Sueten.
678 3855 712 3910 de
757 3855 790 3910 de
803 3859 889 3928 poetis
900 3853 1008 3927 111’,5;,
1018 3874 1045 3913 et
1054 3863 1130 3915 Voss.
1144 3864 1251 3919 debiat.

215 3937 359 4010 rituam.
372 3953 395 3987 c..
406 3952 430 3986 a.
756 3937 804 3989 lat.
816 3937 842 4003 I,
854 3955 911 4002 xvi,
927 3955 968 3989 αι.

253 4017 293 4090 (5)
304 4017 430 4068 Priscian.
441 4015 487 4066 lib.
497 4015 529 4066 11.
792 4016 898 4086 (9)Vid.
910 4018 1062 4072 nost.0vid.
1073 4039 1105 4072 ex
1116 4021 1199 4072 Ponto
1207 4021 1250 4084 IV,

244 4097 292 4170 ,(6)
306 4093 427 4149 Ilaerob.
436 4094 483 4160 vl,
496 4091 512 4143 3
527 4105 553 4144 et
571 4092 595 4146 ⁵.
607 4095 713 4158 Festus,
759 4111 816 4160 rvr,
830 4096 876 4162 23,
885 4096 938 4148 rol.
949 4097 1010 4163 vu,
1020 4113 1080 4167 pag.
1095 4097 1154 4166 479.
1165 4099 1211 4148 m.

288 4205 314 4240 a.
1045 4200 1077 4254 ²7
