2962 4646
493 369 550 463 C.
590 369 749 464 SlLll
783 369 1039 467 tTALICI

387 607 1141 840 euutoonuu

255 1045 484 1152 sinan
520 1047 865 1156 uncinus
901 1051 1259 1184 Qutnrus

244 1361 1283 1390 QWMWWWUWWUMWWQWUWWUWSW

598 1597 930 1660 ARGUMENTUM.

246 1819 358 1908 Status
370 1865 454 1904 nunc
464 1843 596 1918 bellum,
610 1865 626 1903 a
637 1846 795 1920 Romanis,
808 1847 955 1908 Marcello
967 1847 1054 1922 duee,
1067 1849 1100 1904 in
1112 1845 1211 1907 Sicilia
1223 1865 1285 1928 ges·

242 1951 326 2010 tum,
338 1947 647 2007 commemoraturus,
659 1938 795 2014 primum
807 1933 898 2016 liujus
908 1937 1017 1998 insula
1027 1938 1118 1996 situm
1127 1981 1135 2010 ,
1145 1933 1286 1996 fertilita-

242 2041 320 2099 tem,
340 2037 460 2104 poetas,
483 2035 599 2081 veteres
618 2023 733 2082 incolas
752 2025 822 2104 (qni
843 2023 928 2084 farere
942 2027 1159 2105 laestrigones,
1175 2021 1285 2106 Cyclo-

244 2133 311 2194 pes,
331 2113 430 2171 Sicani
444 2131 484 2170 'ex
503 2108 646 2187 Hiberia,
666 2115 792 2195 Ligures
811 2133 848 2174 eo
862 2115 950 2175 ducti
965 2137 982 2174 a
997 2113 1116 2187 Siculo,
1131 2113 1285 2174 Cretenses

244 2199 356 2261 cohors
368 2199 499 2274 Minois,
511 2197 653 2278 Trojani,
668 2203 786 2260 Acestes
800 2201 918 2263 scilicet
928 2218 956 2262 et
969 2201 1132 2283 Helymus,
1144 2199 1286 2260 Messenii

245 2311 280 2350 ex
296 2289 524 2368 Peloponneso,
540 2308 557 2345 a
572 2285 685 2368 quibus
698 2289 808 2352 Zancle
821 2291 901 2352 dicta
914 2305 958 2352 est
968 2291 1126 2364 Messana,
1139 2303 1168 2350 et
1180 2289 1288 2348 Corin·

245 2375 318 2450 tbii,
340 2395 473 2456 quorum
490 2375 659 2454 imperator
678 2375 803 2438 Archias
818 2381 974 2441 coloniam
989 2377 1077 2438 duxit
1094 2375 1287 2458 Syracusas),

245 2465 313 2525 loca
333 2461 457 2545 ignibus
476 2462 679 2524 subterraneis
698 2470 875 2543 aestuantia,
898 2465 1015 2527 insulas
1035 2466 1161 2540 AEolias,
1179 2480 1210 2524 et
1230 2465 1288 2524 tria

245 2552 462 2636 promontoria
481 2567 633 2626 recenset,
658 2555 761 2635 1-78.
773 2557 851 2614 Tum
872 2553 945 2614 belli
961 2575 1067 2614 causas
1086 2568 1116 2614 et
1134 2554 1287 2632 originem

245 2641 351 2702 tradit.
365 2639 489 2699 Mortuo
507 2640 589 2699 enim
607 2641 756 2715 Hierone,
772 2643 842 2701 miti
860 2663 929 2724 rege
946 2663 981 2702 ao
997 2641 1060 2702 lido
1075 2643 1288 2700 Romanorum

246 2733 343 2806 socio,
366 2751 494 2812 regnum
517 2728 555 2788 ad
576 2729 818 2812 Hieronymum,
838 2747 981 2815 nepotem
1003 2729 1082 2812 ejus,
1104 2728 1288 2789 translatum

247 2837 326 2896 erat3
348 2841 498 2903 puerum,
521 2818 649 2878 vixdum
674 2819 863 2896 libertatem,
885 2820 1001 2882 nedum
1023 2819 1289 2892 dominationem,

245 2913 368 2974 modice
380 2909 530 2984 laturum,
548 2910 754 2991 inflatumque
771 2910 1036 2971 adsentationibus
1051 2929 1174 2980 eorum,
1187 2911 1240 2988 qni
1256 2905 1290 2966 il·

246 3001 312 3062 lum
331 3020 396 3059 non
415 2999 562 3057 Hieronis
581 3012 718 3072 tantum,
737 2997 787 3058 sed
808 2999 918 3080 Pyrrhi
937 2999 1029 3056 etiam
1048 2997 1143 3074 regis,
1159 2998 1289 3055 materni

247 3093 313 3166 avi,
328 3089 502 3148 meminisse
513 3085 679 3168 jubebant3
696 3087 822 3169 79-95.
838 3089 899 3164 Qui
918 3085 1067 3166 quemad
1084 3085 1195 3142 Poenos
1210 3083 1292 3144 defe-

247 3179 351 3251 cisset,
364 3189 393 3237 et
406 3189 533 3258 propter
542 3173 754 3234 crudelitatem
766 3174 1005 3254 superbiamque
1016 3191 1087 3231 eum
1098 3172 1184 3230 omni
1195 3173 1290 3252 stirpe

248 3267 331 3348 regia
349 3287 365 3326 a
382 3263 550 3345 conjuratis
567 3279 645 3323 esset
658 3265 794 3336 occisus,
815 3283 885 3344 pars
901 3261 1070 3320 Siculorum
1089 3261 1204 3342 Premis,
1220 3281 1289 3341 pais

248 3357 397 3418 Romanis
405 3353 545 3424 favebat3
555 3353 703 3430 96—109.
716 3355 749 3411 ln
764 3350 821 3411 hac
834 3353 1013 3412 turbatione
1023 3372 1124 3412 rerum
1137 3352 1291 3427 variisque

249 3447 425 3506 animorum
446 3436 581 3499 motibus
597 3437 640 3497 M.
658 3437 807 3498 Claudius
823 3439 987 3500 Marcellus
1006 3440 1135 3514 Praetor,
1155 3437 1208 3518 qui
1224 3435 1289 3516 jam

248 3551 294 3596 ter
310 3531 420 3594 consul
435 3529 550 3602 luerat,
564 3527 688 3586 classem
704 3530 735 3586 in
753 3529 886 3592 Siciliam
903 3529 1044 3610 adpellit,
1060 3545 1104 3604 et,
1120 3529 1159 3588 de
1176 3527 1290 3586 discor-

248 3623 307 3681 diis
318 3618 465 3680 civilibus
478 3615 590 3674 certior
599 3612 710 3692 factus,
720 3615 837 3676 bellum
848 3635 1020 3698 comparat,
1037 3641 1045 3678 r
1058 3615 1199 3690 ro-tal.
1210 3617 1289 3674 Cum

249 3711 337 3770 omni
350 3705 482 3766 exercitu
494 3701 699 3785 proficiscitur
711 3708 742 3766 in
759 3709 941 3781 Leontinos,
955 3724 983 3767 et
997 3708 1116 3768 facilem
1131 3706 1169 3765 ab
1181 3701 1287 3763 inbelli

248 3795 368 3880 populo
384 3793 545 3852 victoriam
562 3808 717 3873 reportat:
734 3797 764 3855 in
785 3817 845 3876 qua
866 3818 970 3877 pugna
985 3797 1101 3870 Asilos,
1120 3793 1206 3852 miles
1218 3793 1288 3869 Tyr·

247 3881 378 3956 rhenus,
392 3883 519 3962 Retyam
535 3881 681 3958 Poenum,
695 3899 827 3944 veterem
843 3885 1021 3959 dominum,
1033 3883 1099 3963 jam
1115 3879 1202 3940 humi
1218 3897 1288 3960 pro-

248 3985 394 4046 stratum,
407 3968 563 4047 adnoscit,
576 3984 620 4047 et,
633 3973 706 4053 qnia
719 3975 852 4055 benigne
863 3975 938 4034 olim
952 3971 991 4033 ab
1004 3993 1040 4032 eo
1055 3983 1200 4031 tractatus
1212 3979 1288 4038 erat,

250 4083 268 4121 a
284 4075 384 4121 morte
401 4073 537 4134 revocat;
562 4059 725 4146 tab-177.
744 4063 904 4124 Leontinis
925 4061 1108 4144 expugnatis
1126 4055 1288 4116 Marcellus

249 4163 353 4210 movet
365 4148 519 4232 extemplo
532 4164 630 4211 castra
642 4149 680 4210 ad
692 4155 869 4233 Syracusas,
881 4166 910 4212 et
921 4149 1026 4232 legatis
1032 4193 1041 4222 ,
1053 4167 1129 4228 quos
1141 4144 1287 4225 praemise·
