2960 4644
263 425 339 496 sto
575 397 612 462 Ο.
636 395 763 464 stLtt
788 397 984 463 tTtLtct

261 546 384 626 Vestis,
398 543 560 632 spirantes
573 541 721 606 referans
733 540 919 608 subtemine
931 541 1057 620 vultus,

259 721 305 752 sira
317 703 433 751 Corinthia
442 705 596 766 Syracusanos
608 716 655 763 pne
667 715 727 763 puro
741 715 811 756 suro,
824 715 871 764 qno
881 715 918 746 res
929 716 994 756 suas,
1009 713 1082 747 vestes
1096 703 1191 746 manime
1202 712 1319 746 ornave-

259 779 312 823 rint.
324 778 466 822 Burmannus
477 774 575 820 malebat
588 787 634 818 non
644 787 689 820 απ
699 773 793 820 vorabat
803 773 901 832 Quoesito
910 789 938 820 ex
950 771 1052 836 Ephyre,
1064 771 1087 820 lt.
1101 789 1122 820 e.
1133 775 1195 834 regia
1206 771 1250 818 illa
1262 787 1316 819 non

260 845 354 894 carebat
366 861 411 890 aere
423 843 581 901 Corinthiaco)
587 841 655 907 fuluo
666 853 762 890 certum
773 853 799 889 ut
813 861 876 892 auro.
894 846 980 900 Vestis,
997 857 1040 891 ete.
1052 859 1105 908 qu:
1119 845 1196 890 omn'u
1209 842 1315 888 relere-

259 915 298 964 hut
309 915 337 962 ad
349 919 417 978 regite
429 913 572 978 supellectilis
584 915 784 978 magnificentiam.
797 913 877 962 Lelclr.
890 917 1005 978 reposuit,
1018 930 1063 960 non
1073 932 1118 962 una
1124 913 1222 978 jrsmhnt
1235 913 1316 972 Qum-

258 992 313 1034 ss‘sse
328 1003 356 1033 err
365 985 470 1052 Ephyre:
483 988 631 1050 (Syracusani
643 1001 689 1032 non
703 987 765 1032 ibant
776 988 896 1049 quesitum
910 1003 955 1032 aera
969 986 1118 1042 Corinthum,
1133 987 1188 1050 quia
1201 983 1272 1047 spnsl
1287 995 1315 1028 se

257 1073 305 1108 tam
320 1057 420 1122 pretiosa
434 1057 548 1112 habebant
563 1055 640 1120 (fuluo
657 1056 719 1104 hored
729 1061 847 1104 certauerit
861 1074 918 1104 auro
933 1061 1020 1114 Vestis,
1036 1061 1145 1120 spirantes
1157 1075 1178 1105 r.
1189 1073 1208 1102 s.
1223 1054 1314 1102 vulture

259 1133 321 1192 stos
334 1131 409 1186 radio,
423 1141 467 1176 etc.
481 1143 506 1176 ut
516 1125 543 1176 rt
555 1129 672 1176 vertumni
687 1131 710 1174 in
724 1145 788 1194 seqq.
802 1128 953 1194 subpleatur:
968 1145 1015 1176 non
1028 1132 1148 1176 certauerit
1159 1128 1228 1174 sestis
1241 1125 1314 1172 rese-

257 1216 338 1249 rens...
351 1197 451 1262 Babylon
457 1215 464 1254 5
477 1213 525 1242 non
535 1201 655 1243 eertevan't
664 1199 736 1260 Tyros
745 1198 797 1244 laus
806 1202 893 1244 muriee
904 1199 981 1260 piem
991 1213 1038 1244 nnn
1048 1200 1193 1252 certamus,
1202 1211 1259 1258 qu
1272 1209 1315 1238 ra·

255 1274 312 1320 slata
327 1288 369 1335 per
380 1282 465 1325 artem,
478 1281 523 1314 etc.
536 1269 593 1328 Qun
604 1265 727 1314 clarissima
739 1267 793 1316 licet
803 1271 860 1326 sint,
872 1271 987 1314 neminem
997 1281 1074 1316 tamen
1084 1267 1219 1314 intellexiste
1232 1267 1313 1312 mira·

255 1354 303 1390 tur.
316 1341 414 1388 Omnino
424 1353 509 1385 nesam
517 1337 643 1384 verborum
653 1337 803 1400 perturbant,
815 1339 854 1402 qui
866 1351 918 1400 post
929 1354 999 1394 auro,
1009 1336 1045 1382 sel
1056 1337 1134 1384 uultus
1144 1337 1310 1398 distinguunt}

255 1427 310 1460 nant
321 1409 348 1459 ul
359 1413 478 1458 renovarit
489 1409 518 1456 ad
530 1425 555 1454 es
570 1421 670 1472 spectat,
683 1425 734 1472 quse
747 1422 888 1472 acquantum
902 1425 945 1458 nec
959 1422 1034 1456 samen
1047 1411 1071 1456 in
1084 1408 1248 1456 enrendatione
1261 1405 1312 1450 Le·

255 1483 306 1530 leb.
318 1483 415 1545 ejusque
429 1480 617 1542 interpretatione
630 1479 826 1542 adquiescendum
839 1479 983 1526 crediderim.
997 1478 1068 1527 Dralt.
1083 1480 1183 1542 scripsit,
1198 1493 1246 1524 nost
1259 1488 1312 1520 sera

250 1555 377 1624 pavebant,
391 1554 448 1613 Quos
463 1555 546 1599 scient
560 1549 678 1616 Ephyren,
689 1549 758 1616 fuluo
773 1559 868 1598 certum
885 1559 910 1596 ut
922 1568 979 1600 auro
996 1554 1111 1609 Vestis,...
1128 1549 1217 1605 uultiss,
1233 1549 1310 1607 Qasoe,

257 1639 302 1674 etc.
315 1625 356 1672 sed
367 1641 415 1687 quo
425 1639 497 1670 sensu
506 1621 555 1670 luec
567 1623 638 1669 verbs
651 1623 781 1686 adceperit,
795 1639 841 1669 non
851 1623 929 1669 docuit
939 1637 990 1668 nos.
1003 1623 1067 1670 Hanc
1075 1621 1196 1669 lectionem
1208 1619 1311 1667 retinuit

255 1697 345 1744 Ernesti
355 1697 384 1742 V.
397 1695 423 1740 C.
440 1695 481 1740 nisi
493 1693 556 1754 quod
567 1697 686 1740 certauerit
696 1711 752 1740 num
764 1711 791 1740 es
804 1695 904 1756 vestigiis
919 1693 971 1741 cod.
984 1693 1036 1738 Put.
1052 1706 1075 1740 et
1086 1693 1123 1739 ed.
1136 1693 1211 1740 Peru.
1224 1689 1307 1739 dediti

255 1767 327 1815 verbs
339 1777 429 1822 sutem,
442 1781 485 1810 nnn
498 1766 672 1828 oerajuuubnnt,
681 1783 732 1830 quse
744 1769 823 1812 scient
834 1765 952 1830 Ephyren,
964 1768 994 1813 its
1003 1765 1113 1828 explicat:
1126 1781 1173 1812 non
1184 1762 1253 1810 valde
1265 1761 1313 1826 ⁶⁰¹.

255 1835 370 1885 lectabant
384 1848 407 1882 et
421 1834 612 1881 desiderabantur
623 1854 637 1882 a
650 1839 795 1898 Syracusanis
809 1853 878 1900 opera
891 1839 944 1883 artis
959 1835 1121 1890 Corinthiam
1135 1835 1250 1882 numanis
1265 1847 1307 1878 su·

255 1908 350 1973 perbire
362 1907 415 1952 satis
426 1919 544 1966 superque
555 1917 669 1968 poterant.
686 1909 808 1952 Enimvero
824 1907 893 1954 rerba
910 1923 961 1972 quse
970 1908 1052 1952 αὑτηί
1065 1907 1093 1952 Β.
1111 1905 1165 1952 lusio
1181 1904 1305 1951 sententie

255 1993 339 2042 parurn
349 1987 402 2037 apta
414 1985 475 2019 sunt.
489 1975 536 2034 Epo
550 1989 577 2018 er
589 1973 638 2018 Col.
649 1976 727 2037 recepi
733 1975 842 2040 pstulat,
855 1993 867 2022 e
882 1979 971 2040 scriptis
986 1975 1070 2035 Quem,
1083 1988 1106 2025 ct
1117 1991 1145 2022 es
1156 1973 1250 2020 duchac
1261 1986 1307 2016 se-

256 2047 357 2100 teribus,
369 2061 383 2091 n
395 2043 476 2090 latet.
492 2043 612 2104 inspectis,
627 2060 656 2089 ex
668 2043 772 2108 uptun.-
783 2061 826 2108 pro
840 2049 897 2092 scire
907 2059 996 2103 auton,
1009 2046 1072 2109 quod
1087 2046 1165 2108 scripti
1178 2043 1304 2093 exhibent,

254 2119 300 2167 lesi
311 2118 437 2164 mutatione
448 2115 522 2160 adcire
533 2116 634 2176 reposui.
649 2117 746 2180 Antiqua
757 2119 871 2180 scriptura
881 2119 937 2174 luit,
946 2113 986 2184 q’n's
997 2120 1068 2166 uest-'re
1078 2133 1120 2175 ax,
1132 2131 1201 2179 quam
1212 2113 1304 2160 librarii

256 2200 375 2236 mutarunt
387 2189 410 2231 in
421 2201 472 2250 qun
481 2189 565 2231 sciretne
575 2197 598 2232 et
609 2203 675 2250 quem
685 2191 750 2236 scire,
762 2189 806 2236 Pro
816 2189 924 2252 Ephyren
934 2192 1013 2253 scripsi
1023 2187 1126 2253 Ephyra,
1137 2189 1178 2234 nisi
1190 2187 1242 2250 quis
1252 2199 1304 2230 ms·

255 2261 282 2308 lit
293 2276 322 2306 ee
334 2257 437 2322 Ephyn:
450 2255 550 2320 enfulun
563 2261 682 2306 certauerit
694 2277 751 2308 aum
764 2263 793 2307 V.
807 2263 838 2308 Ex
851 2265 968 2310 certaverit
979 2275 1055 2311 sutem
1066 2260 1132 2310 tacite
1144 2260 1220 2306 enasci
1231 2269 1304 2320 pote·

256 2344 308 2378 rent
317 2329 427 2377 lectiones
438 2327 568 2392 depravate
578 2341 674 2378 certmst
686 2343 724 2390 ut,
737 2345 760 2381 et
771 2343 866 2380 certem
875 2337 905 2381 in.
916 2335 975 2382 Olim
985 2334 1116 2398 suspicabar
1127 2347 1172 2378 non
1181 2345 1225 2376 oeru
1234 2333 1304 2390 juctu-

257 2403 310 2450 hmst
323 2401 421 2462 Quoess'tn
431 2416 460 2447 er
470 2401 567 2464 Ephyre.
579 2405 648 2464 Quod
658 2407 701 2452 etsi
711 2407 818 2454 eumdem
830 2407 901 2454 eflicit
913 2424 1018 2466 sensum,
1030 2409 1163 2468 ascriptum
1174 2416 1250 2450 taruen
1261 2417 1303 2448 ve·

214 2467 218 2478 ’
256 2485 372 2520 turturum
385 2471 453 2518 codd.
468 2471 558 2534 longius
575 2475 672 2530 recedit;
687 2477 770 2523 conlcr
784 2489 831 2524 not.
845 2475 942 2524 Withof.
957 2475 1048 2524 emend.
1061 2479 1112 2522 Non
1123 2489 1170 2520 oers
1179 2470 1302 2536 superbum

259 2541 398 2605 Tumfeeere
410 2540 517 2604 Ephyren
528 2543 613 2601 (idest,
627 2560 675 2590 non
688 2561 732 2591 aus
745 2547 777 2591 ihi
787 2547 918 2603 Corinthia,
932 2561 983 2610 que
995 2547 1037 2607 ipsi
1049 2559 1107 2591 auro
1119 2541 1216 2604 palmam
1228 2539 1302 2586 lacie-

255 2613 428 2672 ltautdnhism,
440 2631 488 2662 non
505 2630 578 2664 vestes
591 2615 623 2663 ibi
639 2617 781 2682 Babyloniae,
794 2621 881 2683 Tyria,
898 2631 942 2666 etc.
959 2618 1067 2673 aborsum
1083 2631 1129 2662 non
1145 2627 1240 2676 usquam
1253 2625 1300 2656 ers

256 2683 364 2741 ὠήθη,
375 2699 444 2748 ΨΜ
453 2683 498 2741 lbi,
510 2701 562 2748 quir
574 2685 628 2733 olim
637 2687 744 2752 Ephyren
757 2691 880 2752 superbam
891 2689 969 2736 letare
977 2689 998 2748 ),
1005 2686 1075 2750 fuluo
1086 2693 1182 2731 rerurret
1193 2693 1217 2730 ut
1228 2699 1299 2736 num,

256 2753 358 2812 honest,
370 2757 475 2817 qrsnmris
487 2755 579 2822 Ephyre
592 2759 635 2820 ipsi
645 2773 702 2805 auro
714 2759 778 2806 helvo
789 2773 888 2808 certaret
898 2759 943 2808 hoc
954 2777 998 2806 sera
1008 2757 1146 2804 conficiendi
1154 2755 1259 2804 artificio.

256 2887 397 2961 Syracusas
410 2907 426 2940 a
437 2889 565 2942 Marcello
578 2905 670 2962 captas
685 2890 757 2946 adui·
800 2905 869 2945 artes
880 2895 1034 2946 statuariam
1048 2909 1156 2962 qnoque
1173 2886 1297 2941 Corinthi

258 2967 341 3036 derit,
358 2981 385 3020 et
405 2985 435 3019 ex
452 2968 523 3020 illius
542 2971 615 3022 urhis
632 2970 756 3022 incendio
800 2974 914 3024 maxima
931 2991 990 3024 curn
1006 2971 1085 3024 lauda
1100 2969 1215 3042 viguisse
1233 2985 1297 3019 con·

257 3048 308 3102 ista
319 3047 453 3098 vanorum
466 3047 633 3100 metallorum
643 3051 757 3102 mistura
800 3061 859 3102 stat.
881 3079 916 3090 —
938 3053 994 3102 llos
1014 3067 1105 3104 versus
1126 3048 1220 3101 eudem
1235 3065 1296 3099 mo-

256 3127 369 3196 ipsaquc
385 3123 453 3176 adeo
471 3143 522 3176 sera
538 3126 677 3179 Corinthia
694 3142 756 3180 nata
800 3127 850 3194 do,
868 3147 922 3200 quo
941 3129 1041 3181 dudum
1062 3147 1107 3181 eos
1124 3125 1296 3199 explicandos

257 3199 389 3253 dicantur.
396 3200 447 3252 Sed
454 3203 617 3257 Burmannus
622 3207 678 3275 jum
686 3219 757 3259 recte
800 3206 868 3274 virli,
879 3209 1066 3280 interpretatur
1074 3208 1192 3274 Ernesti,
1203 3219 1228 3258 et
1238 3207 1297 3276 qui·

257 3281 374 3345 monuit,
396 3278 464 3332 hanc
489 3281 607 3334 fabulam
633 3301 704 3348 esso,
730 3299 756 3338 ct
800 3285 860 3338 dem
872 3285 1042 3340 itur-Fulvo
1055 3287 1294 3355 anrosestis(uam

258 3360 377 3432 quamvis
394 3358 421 3410 id
434 3377 524 3411 verum
537 3361 619 3424 foret,
638 3381 653 3414 a
670 3367 756 3434 poetis
800 3365 1294 3440 haecjungenda,noncertaueritauro,

256 3451 347 3492 tamen
354 3437 417 3492 talia
425 3458 473 3510 per
479 3439 659 3514 epltslssfinqi
667 3461 754 3514 posse.
800 3457 829 3496 ut
841 3458 929 3498 cetera
941 3447 1123 3513 cohereant),
1137 3446 1164 3498 h.
1179 3465 1203 3499 e.
1216 3447 1296 3497 vestis

257 3521 346 3572 Romu
356 3519 447 3571 forsan
457 3519 523 3571 illud
531 3539 564 3572 ars
572 3533 631 3590 post
641 3520 754 3575 dirutam
800 3537 905 3592 aurata,
919 3543 984 3578 auro
995 3529 1135 3579 intertexto
1144 3525 1295 3592 elaborata,

256 3595 363 3650 tlemnm
375 3617 390 3650 a
404 3599 531 3649 Mummio
545 3597 701 3652 Corinthum
713 3603 755 3654 in·
797 3605 921 3675 spirantes
929 3607 1038 3678 referens
1046 3605 1188 3661 subtemine
1198 3605 1295 3672 vulttts,

255 3678 358 3742 notuit,
374 3675 432 3727 aliis
446 3692 510 3727 vero
523 3677 628 3748 populis
637 3681 693 3749 jam
707 3679 753 3733 diu
798 3686 825 3736 in
844 3701 897 3754 qua
916 3683 1004 3757 ligure
1023 3686 1077 3739 tela
1094 3699 1170 3738 texte
1189 3705 1221 3738 aa
1239 3697 1294 3737 arte

256 3767 319 3808 ante
332 3765 424 3805 noturn
437 3755 495 3806 luit.
508 3756 568 3808 vid.
582 3755 615 3809 de
626 3759 681 3828 ejus
694 3779 755 3830 pre·
798 3777 887 3832 arant,
897 3778 926 3817 ut
935 3768 1036 3838 spirare
1046 3779 1071 3818 et
1081 3768 1169 3818 vivere
1179 3765 1296 3817 videren-

254 3833 294 3883 tio
305 3844 330 3886 et
340 3832 441 3903 oriqine
450 3833 572 3890 fabulosa
581 3835 707 3888 llarduin.
719 3838 754 3891 ad
798 3857 855 3912 tur,
866 3849 998 3900 cntuuerit
1009 3848 1054 3911 iis,
1066 3861 1125 3918 quoe
1137 3845 1209 3896 radio
1220 3843 1297 3896 ooelnt

254 3911 752 3979 Ptinttxtttvpnunuter.adttor.
797 3921 930 3995 Babylon,
947 3939 997 3977 etc.
1014 3926 1073 3976 Jam
1095 3924 1182 3976 radius
1197 3936 1237 3975 est
1252 3922 1294 3972 in·

253 3989 293 4057 ll,
309 3995 353 4052 ¹63
366 3990 487 4044 bochart.
497 3996 599 4047 Hieron.
610 4000 646 4062 ll,
655 4013 696 4060 tt,
712 4001 751 4052 ¹6.
797 4015 979 4066 strumentum,
989 4021 1043 4072 quo
1051 4002 1188 4053 subtemen
1197 4001 1294 4068 trajici·

254 4071 378 4124 Ceterum
388 4087 439 4122 seru
449 4087 560 4142 potsunt
568 4077 648 4127 etiam
660 4090 752 4128 statuar
796 4091 839 4131 tur
855 4081 923 4132 inter
939 4093 1037 4132 tremas
1051 4081 1170 4131 staminis
1180 4101 1185 4130 :
1202 4079 1293 4136 entare

253 4165 312 4205 esse
323 4167 355 4202 an
367 4151 456 4218 siqua:
469 4169 529 4204 narn
542 4167 755 4224 proterentem,
796 4172 885 4211 antem
900 4176 973 4210 nune
988 4175 1050 4214 casn
1068 4157 1173 4210 ᾱοΙοοιιι
1189 4175 1220 4210 ex
1236 4169 1292 4220 asts
