2930 4644
245 367 310 446 444
574 357 960 430 COMMENTATIO

239 517 312 564 ante
324 503 382 564 hoc
393 503 570 581 biennium,
580 527 679 588 quum
691 507 818 566 Lutetiae
833 525 982 576 versarer,
995 507 1028 564 in
1040 501 1236 564 bibliotheca
1252 497 1320 560 lle-

237 595 282 668 gis
296 591 543 655 Christianissimi
556 596 656 656 videre
670 597 812 676 contigit,
829 593 880 654 sed
897 593 938 654 ob
953 596 1098 675 temporis
1113 593 1317 652 brevitatem

238 703 309 746 cum
329 683 416 746 editis
434 689 624 748 committere
636 707 700 746 non
712 688 812 768 potui,
830 699 861 746 ct
875 705 922 744 sex
941 685 992 744 alii
1012 686 1045 744 in
1059 684 1163 757 ltalia,
1180 681 1319 765 pariter

237 790 338 852 nuper
359 775 478 857 scripti,
495 794 629 856 quorum
650 775 788 856 quinque
812 774 846 832 in
867 770 1053 833 bibliotheca
1075 771 1183 852 Magni
1207 768 1320 828 Ducis

236 859 382 938 Etruria,
402 884 503 926 unum
519 866 551 924 in
571 863 755 925 bibliotheca
770 864 1013 923 Eminentissimi
1025 860 1199 922 Cardinalis
1214 859 1318 918 Otto-

238 948 312 1010 boni
332 966 447 1014 exstare
471 975 575 1015 eoram
601 951 678 1013 mihi
699 951 875 1013 adfirmavit
898 955 978 1012 testis
1000 951 1140 1012 oculatus
1159 951 1210 1008 uir
1237 967 1318 1006 eru·

237 1037 415 1116 ditissimus,
441 1056 470 1102 et
494 1063 558 1103 non
584 1041 676 1100 modo
701 1041 983 1114 benedictinorum,
1008 1037 1059 1099 sed
1082 1039 1175 1097 totius
1205 1037 1314 1094 etiam

238 1124 346 1186 Galliae
358 1126 464 1190 lumen
476 1151 511 1190 ac
523 1127 677 1211 singulare
688 1128 794 1202 decus,
807 1125 980 1186 Ber-nardus
992 1123 1027 1184 de
1039 1124 1246 1206 Montfaucon
1257 1121 1317 1198 (1)

238 1215 380 1276 Codicem
392 1221 491 1293 enim,
504 1239 597 1300 quem
608 1219 783 1278 testimonio
799 1217 899 1274 Giitzii
917 1218 950 1274 in
966 1213 1169 1295 descriptione
1186 1208 1314 1269 Biblio-

240 1300 335 1364 thecae
347 1305 475 1366 Senatus
484 1308 646 1388 Lipsiensis
656 1306 765 1386 Lipsioe
777 1315 893 1364 exstare
903 1301 1081 1375 credebam,
1092 1300 1167 1358 dum
1180 1300 1217 1358 in
1231 1317 1316 1357 eum

242 1395 465 1474 perquirerem,
486 1395 611 1456 nullum
629 1415 706 1470 esse,
725 1392 776 1454 sed
795 1392 905 1454 calami
922 1395 995 1452 vitio
1011 1411 1066 1474 pro
1082 1390 1175 1449 Statio
1192 1387 1313 1448 Silium

242 1483 375 1562 positum
393 1485 505 1544 audivi.
521 1484 644 1546 Auxiliis
656 1486 751 1566 igitur
763 1495 855 1565 atque
866 1481 993 1566 opibus,
1009 1496 1039 1542 et
1050 1499 1118 1562 quae
1131 1481 1196 1560 ipse
1210 1475 1314 1537 babe-

241 1569 328 1645 bam,
339 1585 368 1631 et
380 1593 449 1656 quae
462 1576 632 1635 amicorum
645 1573 835 1654 benignitate
845 1583 1024 1633 consecutus
1036 1589 1121 1656 sum,
1132 1570 1312 1626 instructus

242 1657 305 1718 Silii
330 1664 538 1723 recensionem
559 1662 685 1723 adorsus
703 1681 787 1733 sum,
808 1657 884 1718 illud
904 1658 1045 1741 inprimis
1064 1652 1253 1726 adtendens,
1275 1665 1313 1710 ut

243 1749 375 1807 auctoris
390 1765 563 1826 contextus,
579 1763 734 1833 quantum
750 1749 817 1809 fieri
834 1750 935 1830 potuit
950 1747 1083 1825 (restant
1098 1745 1181 1804 enim
1196 1744 1312 1802 etiarn·

245 1855 322 1894 num
332 1837 459 1918 plurimi
471 1839 545 1901 nodi
555 1838 741 1914 difficillimi,
751 1839 806 1921 qui
816 1839 881 1898 sine
892 1836 1025 1897 aliorum
1038 1834 1177 1895 codicum
1188 1831 1309 1891 auxilio

245 1927 293 1984 vix
314 1927 390 1988 solvi
409 1951 493 2011 posse
510 1930 687 2010 videntur),
706 1951 743 1990 ex
761 1929 1043 2010 manuscriptorum
1058 1945 1094 1984 ac
1112 1935 1309 1983 vetustarum

244 2011 415 2076 editionum
431 2021 606 2100 praescripto
621 2039 718 2100 qnam
734 2015 998 2078 emendatissimus
1014 2012 1170 2074 ederetur:
1190 2012 1226 2069 in
1242 2029 1309 2092 quo

246 2102 357 2182 passim
373 2119 492 2166 secutus
507 2127 591 2181 sum,
610 2108 668 2166 nisi
684 2107 739 2166 ubi
755 2108 862 2188 genius
876 2105 991 2185 linguae
1008 2104 1127 2161 Latinae
1142 2097 1192 2158 vel
1207 2111 1308 2181 poetae

246 2185 330 2246 aliud
342 2187 420 2251 mihi
433 2189 571 2274 flagitare
581 2192 756 2268 videbatur,
770 2192 852 2275 quod
866 2204 972 2253 tamen
985 2189 1171 2272 paucissimis
1183 2187 1217 2245 in
1229 2185 1307 2246 locis

246 2274 368 2348 accidit,
381 2279 622 2342 lllustrissimum
635 2283 812 2358 Heinsium,
824 2283 878 2363 qui
890 2301 950 2341 orae
962 2278 1102 2340 editionis
1114 2276 1308 2356 Dausqueia·

246 2383 311 2441 nae,
328 2387 390 2449 qua
407 2373 453 2432 uti
470 2371 574 2432 solitus
591 2372 665 2447 fuit,
685 2393 749 2432 non
767 2369 859 2432 modo
878 2383 966 2430 notas
984 2388 1052 2428 suas
1072 2365 1229 2438 alleverat,
1250 2362 1304 2424 sed

246 2455 339 2515 etiam
355 2461 456 2540 ipsum
473 2482 596 2545 poema,
613 2460 877 2546 quemadmodum
896 2483 914 2520 a
933 2479 1028 2519 manu
1048 2455 1111 2518 Silii
1130 2453 1306 2538 profectum

246 2545 439 2630 conjiciebat,
459 2556 660 2634 antiquorum
678 2551 829 2613 librorum
849 2549 910 2611 fida
928 2549 1088 2632 diligenter
1107 2558 1200 2626 atque
1216 2565 1305 2604 aocu·

248 2648 312 2696 rate
327 2643 464 2703 correxit.
481 2642 614 2716 Deinde,
631 2645 780 2726 quoniam
797 2639 952 2702 codicibus
966 2659 1063 2698 manu
1074 2636 1203 2697 exaratis
1214 2633 1306 2692 desti·

249 2735 333 2784 tutus
348 2726 462 2806 forem,
477 2733 542 2792 sine
557 2733 669 2813 quibus
686 2731 858 2814 parcissime
877 2727 1058 2811 conjecturis
1077 2720 1306 2803 indulgendum

248 2833 368 2891 censeo,
385 2817 461 2878 illud
478 2823 632 2903 praecipue
647 2823 681 2881 in
697 2821 778 2880 notis
793 2821 857 2900 egi,
874 2832 942 2878 tum
960 2829 996 2877 ut
1011 2837 1029 2876 a
1046 2816 1118 2874 viris
1131 2809 1256 2873 eruditis
1270 2829 1306 2870 ex

248 2905 436 2969 membranis
457 2923 610 2971 revocatas
628 2911 771 2972 lectiones
790 2922 844 2969 aut
862 2906 903 2968 ab
922 2908 1045 2988 ingenio
1065 2901 1214 2986 profectas
1232 2919 1306 2968 oon·

247 2990 378 3072 jecturas
394 2996 442 3058 vel
457 3002 646 3080 optimorum
658 3013 820 3060 auctorum
833 2997 1006 3058 testimonio
1022 2993 1185 3076 probarem
1198 3011 1234 3051 ac
1245 3003 1305 3050 sta·

249 3079 384 3157 bilirem,
400 3085 447 3144 vel
461 3105 611 3170 receptam
624 3089 801 3164 lectionem,
817 3089 841 3147 si
854 3108 890 3146 ea
903 3098 1045 3168 praestare
1055 3082 1223 3154 videretur,
1239 3081 1307 3140 sina

249 3167 431 3250 cujusquam
447 3174 618 3238 offensione
632 3178 837 3238 vindicarem:
857 3188 925 3236 turn
942 3186 977 3233 ut
994 3193 1029 3232 ex
1046 3171 1150 3253 priscis
1165 3167 1306 3230 editioni·

249 3253 323 3332 bus,
344 3261 369 3320 si
388 3260 452 3322 fieri
473 3280 585 3347 posset,
606 3267 796 3329 ostenderem
818 3287 852 3326 ac
874 3263 978 3348 palam
996 3263 1141 3323 omnibus
1159 3257 1305 3330 facerem,

250 3347 361 3426 quibus
373 3354 518 3433 gradibus
530 3371 667 3418 veterum
679 3357 890 3430 librariorum,
906 3349 1170 3437 typographorum
1183 3361 1237 3408 aut
1247 3349 1306 3408 cri·

250 3438 381 3500 ticorum
402 3445 576 3525 ignorantia
597 3461 689 3528 atque
709 3446 836 3507 audacia
859 3444 920 3504 Silii
942 3462 1054 3502 manus
1074 3439 1253 3520 depravata,
1275 3449 1306 3497 et

288 3582 327 3656 (r)
343 3587 365 3637 Δ
382 3588 474 3640 Lefeb.
492 3592 571 3642 ctiam
587 3588 701 3648 collatus
716 3602 756 3640 est
802 3591 942 3659 antiquus,
957 3585 991 3638 de
1011 3603 1066 3656 quo
1081 3582 1220 3653 Philippus
1237 3581 1305 3632 tto·-

256 3661 340 3718 Codex
352 3665 512 3722 Tellen'anus
526 3673 579 3720 sire
591 3665 714 3732 Tellieri,
728 3669 756 3720 in
801 3671 856 3721 sius
873 3671 900 3720 in
917 3666 1004 3734 libro,
1023 3665 1067 3716 cui
1082 3662 1175 3714 titulus
1191 3661 1306 3715 11111ἰί-

254 3740 758 3812 ltaliainchoatusanno1413,alsso·
802 3760 878 3800 tratto
895 3747 922 3800 di
938 3747 1021 3798 Roma
1038 3745 1126 3796 critica
1144 3743 1237 3815 pagin.
1255 3741 1306 3806 83,

255 3819 326 3873 lutus
339 3841 409 3876 anno
426 3825 506 3896 1417,
517 3824 594 3876 bona
607 3839 689 3894 nota,
702 3845 757 3878 non
801 3825 892 3880 ubido
906 3824 1072 3878 Bibliotheca
1081 3826 1190 3875 Vacana
1201 3823 1304 3893 agiturr

254 3903 367 3975 integer,
374 3907 447 3959 varia
456 3923 537 3960 manu
547 3907 672 3976 scriptus,
679 3907 758 3960 chan
801 3911 840 3962 Fe
850 3918 955 3983 por-tato
967 3907 995 3958 di
1006 3907 1113 3978 Spaqna
1122 3904 1144 3956 il
1156 3903 1221 3956 libro
1230 3903 1259 3955 di
1265 3903 1305 3954 Si·

256 3997 355 4036 taceus.
367 3985 494 4039 Preterea
506 3987 534 4037 in
544 3985 709 4040 Bibliotheca
721 3987 760 4040 la·
804 3989 854 4056 lio,
868 3987 963 4040 Italico
976 4005 1026 4039 con
1039 3983 1306 4059 4431111ςί111ᾰίιέηηί-

256 4065 312 4116 tina
331 4063 611 4119 Fabricio-Ernestiua
627 4067 704 4119 Tom.
722 4069 759 4133 ll,
804 4067 875 4134 bale,
889 4067 909 4120 il
917 4067 995 4139 qrrole
1007 4068 1085 4140 hoggi
1095 4070 1118 4120 si
1126 4063 1223 4120 ritroua¹
1235 4063 1307 4118 nella

255 4144 347 4212 pagio.
370 4143 433 4212 174,
450 4142 577 4198 laudatur
592 4145 661 4197 aliut
674 4144 761 4198 codex
801 4146 918 4218 predetta
930 4145 1064 4200 Iiberrim·
