<?xml version="1.0" encoding="UTF-8"?>
<!DOCTYPE html PUBLIC "-//W3C//DTD XHTML 1.0 Transitional//EN"
    "http://www.w3.org/TR/xhtml1/DTD/xhtml1-transitional.dtd">
<html xmlns="http://www.w3.org/1999/xhtml" xml:lang="en" lang="en">
 <head>
  <title>
</title>
<meta http-equiv="Content-Type" content="text/html;charset=utf-8" />
  <meta name='ocr-system' content='tesseract 3.04.00' />
  <meta name='ocr-capabilities' content='ocr_page ocr_carea ocr_par ocr_line ocrx_word'/>
</head>
<body>
  <div class='ocr_page' id='page_1' title='image "./punicorumlibris00italgoog/punicorumlibris00italgoog_0415.png"; bbox 0 0 2930 4644; ppageno 0'>
   <div class='ocr_carea' id='block_1_1' title="bbox 247 374 955 458">
    <p class='ocr_par' dir='ltr' id='par_1_1' title="bbox 247 374 955 458">
     <span class='ocr_line' id='line_1_1' title="bbox 247 374 955 458; baseline -0.003 -15"><span class='ocrx_word' id='word_1_1' title='bbox 247 381 311 458; x_wconf 75' lang='lat' dir='ltr'>dio</span> <span class='ocrx_word' id='word_1_2' title='bbox 576 374 955 442; x_wconf 82' lang='lat' dir='ltr'><strong>COMMENTATIO</strong></span> 
     </span>
    </p>
   </div>
   <div class='ocr_carea' id='block_1_2' title="bbox 226 516 1301 3188">
    <p class='ocr_par' dir='ltr' id='par_1_2' title="bbox 226 516 1296 960">
     <span class='ocr_line' id='line_1_2' title="bbox 242 516 1296 603; baseline -0.001 -24"><span class='ocrx_word' id='word_1_3' title='bbox 242 519 386 592; x_wconf 82' lang='lat' dir='ltr'><strong>debatur,</strong></span> <span class='ocrx_word' id='word_1_4' title='bbox 402 517 660 603; x_wconf 78' lang='lat' dir='ltr'>quandocumque</span> <span class='ocrx_word' id='word_1_5' title='bbox 673 517 794 594; x_wconf 85' lang='lat' dir='ltr'>liberet,</span> <span class='ocrx_word' id='word_1_6' title='bbox 810 540 846 579; x_wconf 86' lang='lat' dir='ltr'>ex</span> <span class='ocrx_word' id='word_1_7' title='bbox 861 516 919 579; x_wconf 89' lang='lat' dir='ltr'>bae</span> <span class='ocrx_word' id='word_1_8' title='bbox 934 520 997 580; x_wconf 89' lang='lat' dir='ltr'>vita</span> <span class='ocrx_word' id='word_1_9' title='bbox 1013 520 1128 600; x_wconf 81' lang='lat' dir='ltr'>egredi,</span> <span class='ocrx_word' id='word_1_10' title='bbox 1144 537 1201 579; x_wconf 86' lang='lat' dir='ltr'>nec</span> <span class='ocrx_word' id='word_1_11' title='bbox 1214 519 1296 578; x_wconf 80' lang='lat' dir='ltr'>fata·</span> 
     </span>
     <span class='ocr_line' id='line_1_3' title="bbox 241 599 1295 693; baseline 0 -27"><span class='ocrx_word' id='word_1_12' title='bbox 241 607 303 668; x_wconf 89' lang='lat' dir='ltr'>lem</span> <span class='ocrx_word' id='word_1_13' title='bbox 316 605 424 670; x_wconf 89' lang='lat' dir='ltr'>boram</span> <span class='ocrx_word' id='word_1_14' title='bbox 438 599 615 693; x_wconf 79' lang='lat' dir='ltr'>exspectare.</span> <span class='ocrx_word' id='word_1_15' title='bbox 629 607 739 670; x_wconf 80' lang='lat' dir='ltr'><strong>Seneca</strong></span> <span class='ocrx_word' id='word_1_16' title='bbox 752 609 837 690; x_wconf 84' lang='lat' dir='ltr'>epist.</span> <span class='ocrx_word' id='word_1_17' title='bbox 852 629 942 668; x_wconf 81' lang='lat' dir='ltr'>axrx:</span> <span class='ocrx_word' id='word_1_18' title='bbox 960 610 1097 670; x_wconf 68' lang='lat' dir='ltr'>«Exerce</span> <span class='ocrx_word' id='word_1_19' title='bbox 1108 623 1152 681; x_wconf 86' lang='lat' dir='ltr'>te,</span> <span class='ocrx_word' id='word_1_20' title='bbox 1163 622 1199 668; x_wconf 90' lang='lat' dir='ltr'>ut</span> <span class='ocrx_word' id='word_1_21' title='bbox 1212 628 1295 666; x_wconf 88' lang='lat' dir='ltr'>mor-</span> 
     </span>
     <span class='ocr_line' id='line_1_4' title="bbox 241 693 1294 778; baseline 0.001 -24"><span class='ocrx_word' id='word_1_22' title='bbox 241 706 303 757; x_wconf 90' lang='lat' dir='ltr'>tem</span> <span class='ocrx_word' id='word_1_23' title='bbox 317 709 347 755; x_wconf 91' lang='lat' dir='ltr'>et</span> <span class='ocrx_word' id='word_1_24' title='bbox 360 697 502 778; x_wconf 68' lang='lat' dir='ltr'>arripias,</span> <span class='ocrx_word' id='word_1_25' title='bbox 517 710 561 771; x_wconf 88' lang='lat' dir='ltr'>et,</span> <span class='ocrx_word' id='word_1_26' title='bbox 582 698 607 756; x_wconf 90' lang='lat' dir='ltr'>si</span> <span class='ocrx_word' id='word_1_27' title='bbox 626 697 669 756; x_wconf 87' lang='lat' dir='ltr'>ita</span> <span class='ocrx_word' id='word_1_28' title='bbox 684 715 729 755; x_wconf 90' lang='lat' dir='ltr'>res</span> <span class='ocrx_word' id='word_1_29' title='bbox 743 696 895 771; x_wconf 75' lang='lat' dir='ltr'>suadebit,</span> <span class='ocrx_word' id='word_1_30' title='bbox 908 717 1045 757; x_wconf 73' lang='lat' dir='ltr'>arcessas.</span> <span class='ocrx_word' id='word_1_31' title='bbox 1060 699 1186 756; x_wconf 84' lang='lat' dir='ltr'>Interest</span> <span class='ocrx_word' id='word_1_32' title='bbox 1198 693 1294 768; x_wconf 82' lang='lat' dir='ltr'><strong>nihil,</strong></span> 
     </span>
     <span class='ocr_line' id='line_1_5' title="bbox 240 784 1293 868; baseline 0 -24"><span class='ocrx_word' id='word_1_33' title='bbox 240 806 280 844; x_wconf 91' lang='lat' dir='ltr'>an</span> <span class='ocrx_word' id='word_1_34' title='bbox 302 784 353 846; x_wconf 90' lang='lat' dir='ltr'>illa</span> <span class='ocrx_word' id='word_1_35' title='bbox 372 787 409 846; x_wconf 89' lang='lat' dir='ltr'>ad</span> <span class='ocrx_word' id='word_1_36' title='bbox 430 808 484 848; x_wconf 86' lang='lat' dir='ltr'>nos</span> <span class='ocrx_word' id='word_1_37' title='bbox 501 787 618 861; x_wconf 84' lang='lat' dir='ltr'>veniat,</span> <span class='ocrx_word' id='word_1_38' title='bbox 636 807 676 846; x_wconf 85' lang='lat' dir='ltr'>an</span> <span class='ocrx_word' id='word_1_39' title='bbox 694 787 732 848; x_wconf 85' lang='lat' dir='ltr'>ad</span> <span class='ocrx_word' id='word_1_40' title='bbox 750 787 835 848; x_wconf 89' lang='lat' dir='ltr'>illam</span> <span class='ocrx_word' id='word_1_41' title='bbox 851 807 914 848; x_wconf 85' lang='lat' dir='ltr'>nos.</span> <span class='ocrx_word' id='word_1_42' title='bbox 926 813 941 844; x_wconf 79' lang='lat' dir='ltr'><em>n</em></span> <span class='ocrx_word' id='word_1_43' title='bbox 958 789 996 846; x_wconf 78' lang='lat' dir='ltr'>At</span> <span class='ocrx_word' id='word_1_44' title='bbox 1012 809 1076 848; x_wconf 89' lang='lat' dir='ltr'>non</span> <span class='ocrx_word' id='word_1_45' title='bbox 1093 785 1217 868; x_wconf 79' lang='lat' dir='ltr'>perinde</span> <span class='ocrx_word' id='word_1_46' title='bbox 1233 799 1293 857; x_wconf 78' lang='lat' dir='ltr'>est,</span> 
     </span>
     <span class='ocr_line' id='line_1_6' title="bbox 226 875 1145 960; baseline 0.002 -27"><span class='ocrx_word' id='word_1_47' title='bbox 226 895 296 934; x_wconf 60' lang='lat' dir='ltr'>2nec</span> <span class='ocrx_word' id='word_1_48' title='bbox 310 875 444 958; x_wconf 87' lang='lat' dir='ltr'>ejusdem</span> <span class='ocrx_word' id='word_1_49' title='bbox 453 877 545 958; x_wconf 87' lang='lat' dir='ltr'>juris,</span> <span class='ocrx_word' id='word_1_50' title='bbox 562 877 625 960; x_wconf 88' lang='lat' dir='ltr'>pati</span> <span class='ocrx_word' id='word_1_51' title='bbox 640 890 786 951; x_wconf 86' lang='lat' dir='ltr'>mortem,</span> <span class='ocrx_word' id='word_1_52' title='bbox 801 891 830 938; x_wconf 90' lang='lat' dir='ltr'>et</span> <span class='ocrx_word' id='word_1_53' title='bbox 844 877 973 937; x_wconf 86' lang='lat' dir='ltr'>eandem</span> <span class='ocrx_word' id='word_1_54' title='bbox 988 876 1145 938; x_wconf 88' lang='lat' dir='ltr'>advocare.</span> 
     </span>
    </p>

    <p class='ocr_par' dir='ltr' id='par_1_3' title="bbox 242 963 1301 3188">
     <span class='ocr_line' id='line_1_7' title="bbox 282 963 1295 1048; baseline -0.002 -24"><span class='ocrx_word' id='word_1_55' title='bbox 282 965 499 1025; x_wconf 88' lang='lat' dir='ltr'>Voluntarium</span> <span class='ocrx_word' id='word_1_56' title='bbox 513 985 584 1046; x_wconf 90' lang='lat' dir='ltr'>ergo</span> <span class='ocrx_word' id='word_1_57' title='bbox 597 985 749 1024; x_wconf 86' lang='lat' dir='ltr'>excessum</span> <span class='ocrx_word' id='word_1_58' title='bbox 762 986 908 1046; x_wconf 74' lang='lat' dir='ltr'>perversae</span> <span class='ocrx_word' id='word_1_59' title='bbox 922 963 1139 1048; x_wconf 79' lang='lat' dir='ltr'>philosophiae,</span> <span class='ocrx_word' id='word_1_60' title='bbox 1152 985 1219 1046; x_wconf 88' lang='lat' dir='ltr'>quae</span> <span class='ocrx_word' id='word_1_61' title='bbox 1235 963 1295 1022; x_wconf 89' lang='lat' dir='ltr'>illis</span> 
     </span>
     <span class='ocr_line' id='line_1_8' title="bbox 242 1051 1294 1135; baseline -0.001 -25"><span class='ocrx_word' id='word_1_62' title='bbox 242 1054 430 1135; x_wconf 87' lang='lat' dir='ltr'>temporibus</span> <span class='ocrx_word' id='word_1_63' title='bbox 450 1055 586 1134; x_wconf 86' lang='lat' dir='ltr'>vigebat,</span> <span class='ocrx_word' id='word_1_64' title='bbox 606 1051 663 1114; x_wconf 92' lang='lat' dir='ltr'>boc</span> <span class='ocrx_word' id='word_1_65' title='bbox 684 1067 741 1128; x_wconf 81' lang='lat' dir='ltr'>est,</span> <span class='ocrx_word' id='word_1_66' title='bbox 762 1055 857 1114; x_wconf 89' lang='lat' dir='ltr'>errori</span> <span class='ocrx_word' id='word_1_67' title='bbox 875 1055 1070 1135; x_wconf 85' lang='lat' dir='ltr'>inputamus,</span> <span class='ocrx_word' id='word_1_68' title='bbox 1091 1073 1153 1114; x_wconf 90' lang='lat' dir='ltr'>non</span> <span class='ocrx_word' id='word_1_69' title='bbox 1174 1071 1294 1110; x_wconf 86' lang='lat' dir='ltr'>excusa-</span> 
     </span>
     <span class='ocr_line' id='line_1_9' title="bbox 242 1139 1295 1218; baseline -0.004 -19"><span class='ocrx_word' id='word_1_70' title='bbox 242 1161 326 1214; x_wconf 84' lang='lat' dir='ltr'>mus,</span> <span class='ocrx_word' id='word_1_71' title='bbox 344 1154 379 1200; x_wconf 90' lang='lat' dir='ltr'>ut</span> <span class='ocrx_word' id='word_1_72' title='bbox 395 1143 498 1202; x_wconf 84' lang='lat' dir='ltr'>Cicero</span> <span class='ocrx_word' id='word_1_73' title='bbox 514 1144 662 1202; x_wconf 86' lang='lat' dir='ltr'>Catonern</span> <span class='ocrx_word' id='word_1_74' title='bbox 679 1141 850 1202; x_wconf 83' lang='lat' dir='ltr'>Uticensem</span> <span class='ocrx_word' id='word_1_75' title='bbox 866 1139 929 1202; x_wconf 85' lang='lat' dir='ltr'>Off.</span> <span class='ocrx_word' id='word_1_76' title='bbox 946 1145 973 1216; x_wconf 87' lang='lat'>1,</span> <span class='ocrx_word' id='word_1_77' title='bbox 990 1141 1042 1215; x_wconf 78' lang='lat'>31,</span> <span class='ocrx_word' id='word_1_78' title='bbox 1055 1139 1172 1200; x_wconf 79' lang='lat' dir='ltr'>alienm</span> <span class='ocrx_word' id='word_1_79' title='bbox 1185 1157 1295 1218; x_wconf 85' lang='lat' dir='ltr'>quam-</span> 
     </span>
     <span class='ocr_line' id='line_1_10' title="bbox 242 1225 1296 1312; baseline -0.005 -24"><span class='ocrx_word' id='word_1_80' title='bbox 242 1231 287 1288; x_wconf 89' lang='lat' dir='ltr'>vis</span> <span class='ocrx_word' id='word_1_81' title='bbox 300 1251 317 1288; x_wconf 88' lang='lat' dir='ltr'>a</span> <span class='ocrx_word' id='word_1_82' title='bbox 329 1231 465 1306; x_wconf 80' lang='lat' dir='ltr'>Portica,</span> <span class='ocrx_word' id='word_1_83' title='bbox 480 1253 515 1291; x_wconf 82' lang='lat' dir='ltr'>ex</span> <span class='ocrx_word' id='word_1_84' title='bbox 526 1231 674 1311; x_wconf 86' lang='lat' dir='ltr'>gravitate</span> <span class='ocrx_word' id='word_1_85' title='bbox 687 1229 751 1312; x_wconf 85' lang='lat' dir='ltr'>ejus</span> <span class='ocrx_word' id='word_1_86' title='bbox 764 1244 899 1305; x_wconf 81' lang='lat' dir='ltr'>excusat,</span> <span class='ocrx_word' id='word_1_87' title='bbox 915 1231 1001 1311; x_wconf 88' lang='lat' dir='ltr'>quasi</span> <span class='ocrx_word' id='word_1_88' title='bbox 1016 1230 1093 1289; x_wconf 85' lang='lat' dir='ltr'>alius</span> <span class='ocrx_word' id='word_1_89' title='bbox 1106 1229 1200 1288; x_wconf 86' lang='lat' dir='ltr'>exitus</span> <span class='ocrx_word' id='word_1_90' title='bbox 1213 1225 1296 1284; x_wconf 86' lang='lat' dir='ltr'>illius</span> 
     </span>
     <span class='ocr_line' id='line_1_11' title="bbox 243 1315 1296 1403; baseline -0.002 -25"><span class='ocrx_word' id='word_1_91' title='bbox 243 1315 388 1380; x_wconf 90' lang='lat' dir='ltr'>virtutem</span> <span class='ocrx_word' id='word_1_92' title='bbox 399 1320 590 1381; x_wconf 87' lang='lat' dir='ltr'>dedecuisset.</span> <span class='ocrx_word' id='word_1_93' title='bbox 605 1320 694 1380; x_wconf 77' lang='lat' dir='ltr'>Aliud</span> <span class='ocrx_word' id='word_1_94' title='bbox 707 1322 801 1380; x_wconf 86' lang='lat' dir='ltr'>etiarn</span> <span class='ocrx_word' id='word_1_95' title='bbox 812 1332 869 1396; x_wconf 84' lang='lat' dir='ltr'>est,</span> <span class='ocrx_word' id='word_1_96' title='bbox 880 1321 964 1403; x_wconf 92' lang='lat' dir='ltr'>quod</span> <span class='ocrx_word' id='word_1_97' title='bbox 974 1319 1080 1400; x_wconf 77' lang='lat' dir='ltr'>gloriae</span> <span class='ocrx_word' id='word_1_98' title='bbox 1093 1319 1187 1380; x_wconf 87' lang='lat' dir='ltr'>nostri</span> <span class='ocrx_word' id='word_1_99' title='bbox 1198 1331 1296 1398; x_wconf 69' lang='lat' dir='ltr'>poete</span> 
     </span>
     <span class='ocr_line' id='line_1_12' title="bbox 242 1406 1297 1492; baseline 0.001 -23"><span class='ocrx_word' id='word_1_100' title='bbox 242 1409 364 1470; x_wconf 84' lang='lat' dir='ltr'>videtur</span> <span class='ocrx_word' id='word_1_101' title='bbox 381 1411 534 1492; x_wconf 77' lang='lat' dir='ltr'>derogare.</span> <span class='ocrx_word' id='word_1_102' title='bbox 555 1411 634 1470; x_wconf 85' lang='lat' dir='ltr'>Nam</span> <span class='ocrx_word' id='word_1_103' title='bbox 653 1410 736 1492; x_wconf 93' lang='lat' dir='ltr'>quod</span> <span class='ocrx_word' id='word_1_104' title='bbox 756 1409 874 1470; x_wconf 87' lang='lat' dir='ltr'>Plinius</span> <span class='ocrx_word' id='word_1_105' title='bbox 891 1409 998 1484; x_wconf 87' lang='lat' dir='ltr'>refert,</span> <span class='ocrx_word' id='word_1_106' title='bbox 1019 1409 1162 1470; x_wconf 69' lang='lat' dir='ltr'>“laeserat</span> <span class='ocrx_word' id='word_1_107' title='bbox 1178 1406 1297 1464; x_wconf 77' lang='lat' dir='ltr'>famam</span> 
     </span>
     <span class='ocr_line' id='line_1_13' title="bbox 243 1494 1299 1580; baseline -0.005 -24"><span class='ocrx_word' id='word_1_108' title='bbox 243 1519 331 1558; x_wconf 89' lang='lat' dir='ltr'>suam</span> <span class='ocrx_word' id='word_1_109' title='bbox 346 1500 402 1560; x_wconf 87' lang='lat' dir='ltr'>sub</span> <span class='ocrx_word' id='word_1_110' title='bbox 417 1501 553 1560; x_wconf 87' lang='lat' dir='ltr'>Nerone:</span> <span class='ocrx_word' id='word_1_111' title='bbox 568 1497 749 1559; x_wconf 85' lang='lat' dir='ltr'>credebatur</span> <span class='ocrx_word' id='word_1_112' title='bbox 762 1511 871 1580; x_wconf 92' lang='lat' dir='ltr'>sponte</span> <span class='ocrx_word' id='word_1_113' title='bbox 886 1518 1046 1558; x_wconf 89' lang='lat' dir='ltr'>accusasse.</span> <span class='ocrx_word' id='word_1_114' title='bbox 1057 1523 1071 1552; x_wconf 80' lang='grc' dir='ltr'>ιι</span> <span class='ocrx_word' id='word_1_115' title='bbox 1089 1494 1198 1556; x_wconf 86' lang='lat' dir='ltr'>Omnis</span> <span class='ocrx_word' id='word_1_116' title='bbox 1211 1514 1299 1554; x_wconf 89' lang='lat' dir='ltr'>accu-</span> 
     </span>
     <span class='ocr_line' id='line_1_14' title="bbox 244 1583 1298 1670; baseline -0.002 -24"><span class='ocrx_word' id='word_1_117' title='bbox 244 1589 318 1647; x_wconf 82' lang='lat' dir='ltr'>satio</span> <span class='ocrx_word' id='word_1_118' title='bbox 335 1587 481 1666; x_wconf 91' lang='lat' dir='ltr'>hominis,</span> <span class='ocrx_word' id='word_1_119' title='bbox 498 1587 545 1650; x_wconf 89' lang='lat' dir='ltr'>vel</span> <span class='ocrx_word' id='word_1_120' title='bbox 561 1588 705 1649; x_wconf 88' lang='lat' dir='ltr'>mediocri</span> <span class='ocrx_word' id='word_1_121' title='bbox 721 1590 818 1670; x_wconf 88' lang='lat' dir='ltr'>specie</span> <span class='ocrx_word' id='word_1_122' title='bbox 836 1585 967 1662; x_wconf 80' lang='lat' dir='ltr'>honesti,</span> <span class='ocrx_word' id='word_1_123' title='bbox 987 1587 1043 1647; x_wconf 93' lang='lat' dir='ltr'>sub</span> <span class='ocrx_word' id='word_1_124' title='bbox 1061 1585 1145 1646; x_wconf 89' lang='lat' dir='ltr'>malo</span> <span class='ocrx_word' id='word_1_125' title='bbox 1160 1583 1298 1667; x_wconf 87' lang='lat' dir='ltr'>principe</span> 
     </span>
     <span class='ocr_line' id='line_1_15' title="bbox 244 1675 1297 1762; baseline -0.004 -26"><span class='ocrx_word' id='word_1_126' title='bbox 244 1692 380 1759; x_wconf 85' lang='lat' dir='ltr'>suspecta</span> <span class='ocrx_word' id='word_1_127' title='bbox 404 1693 462 1754; x_wconf 87' lang='lat' dir='ltr'>est,</span> <span class='ocrx_word' id='word_1_128' title='bbox 488 1681 580 1740; x_wconf 90' lang='lat' dir='ltr'>etiam</span> <span class='ocrx_word' id='word_1_129' title='bbox 604 1679 769 1762; x_wconf 83' lang='lat' dir='ltr'>imperata3</span> <span class='ocrx_word' id='word_1_130' title='bbox 798 1677 914 1760; x_wconf 83' lang='lat' dir='ltr'>magis,</span> <span class='ocrx_word' id='word_1_131' title='bbox 939 1692 1117 1760; x_wconf 89' lang='lat' dir='ltr'>spontanea.</span> <span class='ocrx_word' id='word_1_132' title='bbox 1145 1675 1297 1756; x_wconf 78' lang='lat' dir='ltr'>Principes</span> 
     </span>
     <span class='ocr_line' id='line_1_16' title="bbox 244 1767 1296 1850; baseline -0.003 -24"><span class='ocrx_word' id='word_1_133' title='bbox 244 1767 329 1826; x_wconf 89' lang='lat' dir='ltr'>enim</span> <span class='ocrx_word' id='word_1_134' title='bbox 354 1767 445 1843; x_wconf 84' lang='lat' dir='ltr'>mali,</span> <span class='ocrx_word' id='word_1_135' title='bbox 471 1791 569 1850; x_wconf 91' lang='lat' dir='ltr'>quum</span> <span class='ocrx_word' id='word_1_136' title='bbox 595 1769 729 1849; x_wconf 88' lang='lat' dir='ltr'>aliquem</span> <span class='ocrx_word' id='word_1_137' title='bbox 755 1768 910 1850; x_wconf 85' lang='lat' dir='ltr'>perditum</span> <span class='ocrx_word' id='word_1_138' title='bbox 935 1768 1083 1850; x_wconf 86' lang='lat' dir='ltr'>cupiunt,</span> <span class='ocrx_word' id='word_1_139' title='bbox 1111 1787 1167 1826; x_wconf 93' lang='lat' dir='ltr'>nec</span> <span class='ocrx_word' id='word_1_140' title='bbox 1194 1779 1296 1824; x_wconf 87' lang='lat' dir='ltr'>tamen</span> 
     </span>
     <span class='ocr_line' id='line_1_17' title="bbox 245 1851 1297 1938; baseline -0.004 -25"><span class='ocrx_word' id='word_1_141' title='bbox 245 1869 348 1936; x_wconf 91' lang='lat' dir='ltr'>aperte</span> <span class='ocrx_word' id='word_1_142' title='bbox 360 1857 476 1917; x_wconf 88' lang='lat' dir='ltr'>audent</span> <span class='ocrx_word' id='word_1_143' title='bbox 488 1857 626 1938; x_wconf 75' lang='lat' dir='ltr'>aggredi,</span> <span class='ocrx_word' id='word_1_144' title='bbox 642 1871 676 1916; x_wconf 91' lang='lat' dir='ltr'>ut</span> <span class='ocrx_word' id='word_1_145' title='bbox 684 1855 837 1917; x_wconf 88' lang='lat' dir='ltr'>declinent</span> <span class='ocrx_word' id='word_1_146' title='bbox 848 1855 1012 1930; x_wconf 87' lang='lat' dir='ltr'>invidiam,</span> <span class='ocrx_word' id='word_1_147' title='bbox 1024 1856 1198 1914; x_wconf 89' lang='lat' dir='ltr'>subornant</span> <span class='ocrx_word' id='word_1_148' title='bbox 1210 1851 1297 1923; x_wconf 84' lang='lat' dir='ltr'>alios,</span> 
     </span>
     <span class='ocr_line' id='line_1_18' title="bbox 245 1944 1296 2029; baseline -0.006 -25"><span class='ocrx_word' id='word_1_149' title='bbox 245 1944 300 2025; x_wconf 90' lang='lat' dir='ltr'>qui</span> <span class='ocrx_word' id='word_1_150' title='bbox 319 1958 460 2006; x_wconf 83' lang='lat' dir='ltr'>accusent</span> <span class='ocrx_word' id='word_1_151' title='bbox 479 1967 512 2005; x_wconf 92' lang='lat' dir='ltr'>ac</span> <span class='ocrx_word' id='word_1_152' title='bbox 531 1946 672 2029; x_wconf 87' lang='lat' dir='ltr'>perdant.</span> <span class='ocrx_word' id='word_1_153' title='bbox 692 1947 754 2022; x_wconf 91' lang='lat' dir='ltr'>Qui</span> <span class='ocrx_word' id='word_1_154' title='bbox 773 1961 959 2006; x_wconf 85' lang='lat' dir='ltr'>accusatores</span> <span class='ocrx_word' id='word_1_155' title='bbox 977 1944 1084 2005; x_wconf 89' lang='lat' dir='ltr'>codem</span> <span class='ocrx_word' id='word_1_156' title='bbox 1102 1963 1194 2004; x_wconf 90' lang='lat' dir='ltr'>censu</span> <span class='ocrx_word' id='word_1_157' title='bbox 1212 1951 1296 2012; x_wconf 84' lang='lat' dir='ltr'>sunt,</span> 
     </span>
     <span class='ocr_line' id='line_1_19' title="bbox 247 2032 1296 2118; baseline -0.003 -25"><span class='ocrx_word' id='word_1_158' title='bbox 247 2055 309 2115; x_wconf 90' lang='lat' dir='ltr'>quo</span> <span class='ocrx_word' id='word_1_159' title='bbox 324 2035 486 2113; x_wconf 81' lang='lat' dir='ltr'>delatores,</span> <span class='ocrx_word' id='word_1_160' title='bbox 504 2063 518 2093; x_wconf 83' lang='grc' dir='ltr'>ιι</span> <span class='ocrx_word' id='word_1_161' title='bbox 528 2059 623 2118; x_wconf 88' lang='lat' dir='ltr'>genus</span> <span class='ocrx_word' id='word_1_162' title='bbox 636 2036 814 2112; x_wconf 86' lang='lat' dir='ltr'>hominum,</span> <span class='ocrx_word' id='word_1_163' title='bbox 834 2051 868 2098; x_wconf 90' lang='lat' dir='ltr'>ut</span> <span class='ocrx_word' id='word_1_164' title='bbox 886 2037 1007 2098; x_wconf 84' lang='lat' dir='ltr'>Tacitus</span> <span class='ocrx_word' id='word_1_165' title='bbox 1023 2036 1066 2096; x_wconf 90' lang='lat' dir='ltr'>ait</span> <span class='ocrx_word' id='word_1_166' title='bbox 1080 2037 1159 2095; x_wconf 83' lang='lat' dir='ltr'>Ann.</span> <span class='ocrx_word' id='word_1_167' title='bbox 1175 2033 1228 2105; x_wconf 88' lang='lat' dir='ltr'>lV,</span> <span class='ocrx_word' id='word_1_168' title='bbox 1243 2032 1296 2104; x_wconf 84' lang='lat'>30,</span> 
     </span>
     <span class='ocr_line' id='line_1_20' title="bbox 247 2121 1298 2211; baseline -0.001 -30"><span class='ocrx_word' id='word_1_169' title='bbox 247 2123 371 2206; x_wconf 90' lang='lat' dir='ltr'>publico</span> <span class='ocrx_word' id='word_1_170' title='bbox 397 2125 486 2186; x_wconf 87' lang='lat' dir='ltr'>exitio</span> <span class='ocrx_word' id='word_1_171' title='bbox 513 2137 683 2208; x_wconf 88' lang='lat' dir='ltr'>repertum,</span> <span class='ocrx_word' id='word_1_172' title='bbox 709 2141 739 2186; x_wconf 90' lang='lat' dir='ltr'>et</span> <span class='ocrx_word' id='word_1_173' title='bbox 763 2127 862 2211; x_wconf 85' lang='lat' dir='ltr'>poenis</span> <span class='ocrx_word' id='word_1_174' title='bbox 887 2127 1012 2210; x_wconf 89' lang='lat' dir='ltr'>quidem</span> <span class='ocrx_word' id='word_1_175' title='bbox 1038 2145 1202 2205; x_wconf 86' lang='lat' dir='ltr'>nunquam</span> <span class='ocrx_word' id='word_1_176' title='bbox 1228 2121 1298 2182; x_wconf 86' lang='lat' dir='ltr'>satis</span> 
     </span>
     <span class='ocr_line' id='line_1_21' title="bbox 246 2207 1297 2298; baseline -0.004 -28"><span class='ocrx_word' id='word_1_177' title='bbox 246 2212 432 2272; x_wconf 71' lang='lat' dir='ltr'>coercitum:</span> <span class='ocrx_word' id='word_1_178' title='bbox 445 2239 460 2270; x_wconf 77' lang='lat' dir='ltr'>u</span> <span class='ocrx_word' id='word_1_179' title='bbox 481 2235 556 2296; x_wconf 91' lang='lat' dir='ltr'>quos</span> <span class='ocrx_word' id='word_1_180' title='bbox 578 2211 781 2275; x_wconf 88' lang='lat' dir='ltr'>nihilominus</span> <span class='ocrx_word' id='word_1_181' title='bbox 798 2216 988 2298; x_wconf 67' lang='lat' dir='ltr'>perpremat</span> <span class='ocrx_word' id='word_1_182' title='bbox 1005 2213 1143 2272; x_wconf 86' lang='lat' dir='ltr'>Tiberius</span> <span class='ocrx_word' id='word_1_183' title='bbox 1158 2207 1297 2270; x_wconf 74' lang='lat' dir='ltr'>eliciebat.</span> 
     </span>
     <span class='ocr_line' id='line_1_22' title="bbox 245 2297 1298 2384; baseline -0.002 -29"><span class='ocrx_word' id='word_1_184' title='bbox 245 2297 302 2356; x_wconf 89' lang='lat' dir='ltr'>Vir</span> <span class='ocrx_word' id='word_1_185' title='bbox 312 2298 414 2360; x_wconf 90' lang='lat' dir='ltr'>bonus</span> <span class='ocrx_word' id='word_1_186' title='bbox 426 2315 528 2361; x_wconf 90' lang='lat' dir='ltr'>autem</span> <span class='ocrx_word' id='word_1_187' title='bbox 543 2315 572 2362; x_wconf 91' lang='lat' dir='ltr'>et</span> <span class='ocrx_word' id='word_1_188' title='bbox 586 2302 704 2383; x_wconf 90' lang='lat' dir='ltr'>sapiens</span> <span class='ocrx_word' id='word_1_189' title='bbox 717 2300 877 2362; x_wconf 87' lang='lat' dir='ltr'>inhonesta</span> <span class='ocrx_word' id='word_1_190' title='bbox 892 2316 922 2362; x_wconf 91' lang='lat' dir='ltr'>et</span> <span class='ocrx_word' id='word_1_191' title='bbox 936 2301 1039 2384; x_wconf 89' lang='lat' dir='ltr'>turpia</span> <span class='ocrx_word' id='word_1_192' title='bbox 1048 2299 1163 2383; x_wconf 75' lang='lat' dir='ltr'>jussus,</span> <span class='ocrx_word' id='word_1_193' title='bbox 1175 2297 1298 2366; x_wconf 81' lang='lat' dir='ltr'>abnuit,</span> 
     </span>
     <span class='ocr_line' id='line_1_23' title="bbox 245 2385 1299 2472; baseline -0.002 -27"><span class='ocrx_word' id='word_1_194' title='bbox 245 2386 338 2445; x_wconf 88' lang='lat' dir='ltr'>etiam</span> <span class='ocrx_word' id='word_1_195' title='bbox 357 2407 427 2448; x_wconf 92' lang='lat' dir='ltr'>curn</span> <span class='ocrx_word' id='word_1_196' title='bbox 446 2388 580 2471; x_wconf 88' lang='lat' dir='ltr'>periculo</span> <span class='ocrx_word' id='word_1_197' title='bbox 599 2411 669 2466; x_wconf 87' lang='lat' dir='ltr'>suc,</span> <span class='ocrx_word' id='word_1_198' title='bbox 689 2391 713 2450; x_wconf 89' lang='lat' dir='ltr'>si</span> <span class='ocrx_word' id='word_1_199' title='bbox 733 2390 896 2450; x_wconf 89' lang='lat' dir='ltr'>manifesta</span> <span class='ocrx_word' id='word_1_200' title='bbox 911 2388 1133 2472; x_wconf 84' lang='lat' dir='ltr'>sitturpitudo,</span> <span class='ocrx_word' id='word_1_201' title='bbox 1149 2400 1184 2446; x_wconf 88' lang='lat' dir='ltr'>ut</span> <span class='ocrx_word' id='word_1_202' title='bbox 1199 2399 1242 2445; x_wconf 88' lang='lat' dir='ltr'>est</span> <span class='ocrx_word' id='word_1_203' title='bbox 1255 2385 1299 2444; x_wconf 89' lang='lat' dir='ltr'>in-</span> 
     </span>
     <span class='ocr_line' id='line_1_24' title="bbox 247 2468 1298 2562; baseline -0.005 -29"><span class='ocrx_word' id='word_1_204' title='bbox 247 2476 426 2536; x_wconf 91' lang='lat' dir='ltr'>nocentium</span> <span class='ocrx_word' id='word_1_205' title='bbox 439 2479 597 2540; x_wconf 82' lang='lat' dir='ltr'>accusatio.</span> <span class='ocrx_word' id='word_1_206' title='bbox 611 2479 792 2562; x_wconf 83' lang='lat' dir='ltr'>Exemplum</span> <span class='ocrx_word' id='word_1_207' title='bbox 807 2499 836 2536; x_wconf 88' lang='lat' dir='ltr'>v.</span> <span class='ocrx_word' id='word_1_208' title='bbox 851 2499 899 2559; x_wconf 91' lang='lat' dir='ltr'>ap.</span> <span class='ocrx_word' id='word_1_209' title='bbox 912 2479 981 2537; x_wconf 88' lang='lat' dir='ltr'>Tac.</span> <span class='ocrx_word' id='word_1_210' title='bbox 995 2477 1028 2536; x_wconf 93' lang='lat' dir='ltr'>in</span> <span class='ocrx_word' id='word_1_211' title='bbox 1037 2476 1107 2538; x_wconf 84' lang='lat' dir='ltr'>Vita</span> <span class='ocrx_word' id='word_1_212' title='bbox 1119 2475 1218 2554; x_wconf 81' lang='lat' dir='ltr'>Agric.</span> <span class='ocrx_word' id='word_1_213' title='bbox 1230 2493 1256 2532; x_wconf 91' lang='lat' dir='ltr'>c.</span> <span class='ocrx_word' id='word_1_214' title='bbox 1268 2468 1298 2544; x_wconf 74' lang='grc'>4.</span> 
     </span>
     <span class='ocr_line' id='line_1_25' title="bbox 246 2559 1297 2646; baseline -0.004 -26"><span class='ocrx_word' id='word_1_215' title='bbox 246 2563 308 2622; x_wconf 89' lang='lat' dir='ltr'>Nec</span> <span class='ocrx_word' id='word_1_216' title='bbox 327 2564 491 2646; x_wconf 89' lang='lat' dir='ltr'>imperium</span> <span class='ocrx_word' id='word_1_217' title='bbox 510 2568 541 2626; x_wconf 92' lang='lat' dir='ltr'>in</span> <span class='ocrx_word' id='word_1_218' title='bbox 562 2568 658 2626; x_wconf 89' lang='lat' dir='ltr'>atroci</span> <span class='ocrx_word' id='word_1_219' title='bbox 677 2565 784 2626; x_wconf 90' lang='lat' dir='ltr'>scelere</span> <span class='ocrx_word' id='word_1_220' title='bbox 799 2586 939 2626; x_wconf 85' lang='lat' dir='ltr'>excusare</span> <span class='ocrx_word' id='word_1_221' title='bbox 953 2576 1064 2646; x_wconf 85' lang='lat' dir='ltr'>potest,</span> <span class='ocrx_word' id='word_1_222' title='bbox 1079 2577 1114 2623; x_wconf 88' lang='lat' dir='ltr'>ut</span> <span class='ocrx_word' id='word_1_223' title='bbox 1127 2563 1251 2622; x_wconf 84' lang='lat' dir='ltr'>Grotius</span> <span class='ocrx_word' id='word_1_224' title='bbox 1265 2559 1297 2616; x_wconf 90' lang='lat' dir='ltr'>P.</span> 
     </span>
     <span class='ocr_line' id='line_1_26' title="bbox 247 2651 1300 2732; baseline -0.004 -23"><span class='ocrx_word' id='word_1_225' title='bbox 247 2663 277 2709; x_wconf 91' lang='lat' dir='ltr'>et</span> <span class='ocrx_word' id='word_1_226' title='bbox 293 2653 326 2711; x_wconf 91' lang='grc' dir='ltr'>Β.</span> <span class='ocrx_word' id='word_1_227' title='bbox 344 2651 396 2713; x_wconf 92' lang='lat' dir='ltr'>lib.</span> <span class='ocrx_word' id='word_1_228' title='bbox 415 2655 457 2730; x_wconf 86' lang='lat' dir='ltr'>ll,</span> <span class='ocrx_word' id='word_1_229' title='bbox 474 2677 499 2715; x_wconf 87' lang='lat' dir='ltr'>c.</span> <span class='ocrx_word' id='word_1_230' title='bbox 518 2656 571 2732; x_wconf 81' lang='lat'>26,</span> <span class='ocrx_word' id='word_1_231' title='bbox 588 2668 623 2715; x_wconf 83' lang='lat' dir='ltr'>n⁰</span> <span class='ocrx_word' id='word_1_232' title='bbox 642 2655 674 2731; x_wconf 87' lang='lat'>3,</span> <span class='ocrx_word' id='word_1_233' title='bbox 691 2655 921 2714; x_wconf 89' lang='lat' dir='ltr'>demonstravit.</span> <span class='ocrx_word' id='word_1_234' title='bbox 939 2653 1007 2713; x_wconf 88' lang='lat' dir='ltr'>Non</span> <span class='ocrx_word' id='word_1_235' title='bbox 1023 2665 1126 2713; x_wconf 87' lang='lat' dir='ltr'>autern</span> <span class='ocrx_word' id='word_1_236' title='bbox 1141 2664 1221 2710; x_wconf 86' lang='lat' dir='ltr'>certa</span> <span class='ocrx_word' id='word_1_237' title='bbox 1235 2665 1300 2708; x_wconf 85' lang='lat' dir='ltr'>erat</span> 
     </span>
     <span class='ocr_line' id='line_1_27' title="bbox 247 2736 1299 2822; baseline -0.003 -24"><span class='ocrx_word' id='word_1_238' title='bbox 247 2741 348 2802; x_wconf 89' lang='lat' dir='ltr'>Nostri</span> <span class='ocrx_word' id='word_1_239' title='bbox 365 2747 531 2822; x_wconf 84' lang='lat' dir='ltr'>accusatio,</span> <span class='ocrx_word' id='word_1_240' title='bbox 549 2745 600 2806; x_wconf 92' lang='lat' dir='ltr'>sed</span> <span class='ocrx_word' id='word_1_241' title='bbox 617 2744 799 2818; x_wconf 78' lang='lat' dir='ltr'>credebatur,-</span> <span class='ocrx_word' id='word_1_242' title='bbox 815 2758 845 2803; x_wconf 86' lang='lat' dir='ltr'>et</span> <span class='ocrx_word' id='word_1_243' title='bbox 861 2745 885 2804; x_wconf 91' lang='lat' dir='ltr'>si</span> <span class='ocrx_word' id='word_1_244' title='bbox 902 2741 974 2817; x_wconf 84' lang='lat' dir='ltr'>fuit,</span> <span class='ocrx_word' id='word_1_245' title='bbox 990 2741 1138 2802; x_wconf 79' lang='lat' dir='ltr'>maculam</span> <span class='ocrx_word' id='word_1_246' title='bbox 1159 2736 1299 2800; x_wconf 82' lang='lat' dir='ltr'>laudabili</span> 
     </span>
     <span class='ocr_line' id='line_1_28' title="bbox 246 2828 1299 2914; baseline -0.003 -26"><span class='ocrx_word' id='word_1_247' title='bbox 246 2831 304 2888; x_wconf 86' lang='lat' dir='ltr'>otio</span> <span class='ocrx_word' id='word_1_248' title='bbox 320 2844 349 2890; x_wconf 92' lang='lat' dir='ltr'>et</span> <span class='ocrx_word' id='word_1_249' title='bbox 366 2834 489 2914; x_wconf 89' lang='lat' dir='ltr'>optimis</span> <span class='ocrx_word' id='word_1_250' title='bbox 505 2835 609 2895; x_wconf 89' lang='lat' dir='ltr'>studiis</span> <span class='ocrx_word' id='word_1_251' title='bbox 626 2830 732 2906; x_wconf 76' lang='lat' dir='ltr'>obiicit,</span> <span class='ocrx_word' id='word_1_252' title='bbox 750 2832 862 2914; x_wconf 90' lang='lat' dir='ltr'>quibus</span> <span class='ocrx_word' id='word_1_253' title='bbox 879 2832 962 2891; x_wconf 86' lang='lat' dir='ltr'>fama</span> <span class='ocrx_word' id='word_1_254' title='bbox 980 2832 1166 2912; x_wconf 84' lang='lat' dir='ltr'>integratur,</span> <span class='ocrx_word' id='word_1_255' title='bbox 1184 2828 1217 2886; x_wconf 92' lang='lat' dir='ltr'>in</span> <span class='ocrx_word' id='word_1_256' title='bbox 1233 2841 1299 2886; x_wconf 87' lang='lat' dir='ltr'>tan·</span> 
     </span>
     <span class='ocr_line' id='line_1_29' title="bbox 247 2914 1301 3006; baseline -0.002 -30"><span class='ocrx_word' id='word_1_257' title='bbox 247 2930 315 2978; x_wconf 88' lang='lat' dir='ltr'>tum</span> <span class='ocrx_word' id='word_1_258' title='bbox 330 2923 436 2998; x_wconf 89' lang='lat' dir='ltr'>etiam,</span> <span class='ocrx_word' id='word_1_259' title='bbox 453 2938 486 2983; x_wconf 92' lang='lat' dir='ltr'>ut</span> <span class='ocrx_word' id='word_1_260' title='bbox 497 2927 627 3006; x_wconf 83' lang='lat' dir='ltr'>perpetui</span> <span class='ocrx_word' id='word_1_261' title='bbox 640 2922 764 2982; x_wconf 86' lang='lat' dir='ltr'>laudern</span> <span class='ocrx_word' id='word_1_262' title='bbox 778 2921 961 3004; x_wconf 84' lang='lat' dir='ltr'>promeritus</span> <span class='ocrx_word' id='word_1_263' title='bbox 976 2921 1028 2996; x_wconf 86' lang='lat' dir='ltr'>sit,</span> <span class='ocrx_word' id='word_1_264' title='bbox 1043 2917 1073 2978; x_wconf 93' lang='lat' dir='ltr'>h.</span> <span class='ocrx_word' id='word_1_265' title='bbox 1090 2940 1114 2978; x_wconf 92' lang='lat' dir='ltr'>e.</span> <span class='ocrx_word' id='word_1_266' title='bbox 1130 2914 1301 2978; x_wconf 80' lang='lat' dir='ltr'>inmortalis</span> 
     </span>
     <span class='ocr_line' id='line_1_30' title="bbox 248 3005 1299 3098; baseline -0.003 -32"><span class='ocrx_word' id='word_1_267' title='bbox 248 3011 402 3070; x_wconf 85' lang='lat' dir='ltr'>memoriae</span> <span class='ocrx_word' id='word_1_268' title='bbox 421 3025 513 3094; x_wconf 86' lang='lat' dir='ltr'>atque</span> <span class='ocrx_word' id='word_1_269' title='bbox 532 3013 650 3095; x_wconf 74' lang='lat' dir='ltr'>gloriae,</span> <span class='ocrx_word' id='word_1_270' title='bbox 670 3034 749 3098; x_wconf 88' lang='lat' dir='ltr'>apuc</span> <span class='ocrx_word' id='word_1_271' title='bbox 767 3010 902 3071; x_wconf 77' lang='lat' dir='ltr'>Martial.</span> <span class='ocrx_word' id='word_1_272' title='bbox 922 3011 1017 3095; x_wconf 85' lang='lat' dir='ltr'>epigr.</span> <span class='ocrx_word' id='word_1_273' title='bbox 1036 3011 1094 3085; x_wconf 88' lang='lat' dir='ltr'>Vl,</span> <span class='ocrx_word' id='word_1_274' title='bbox 1113 3005 1299 3082; x_wconf 74' lang='lat' dir='ltr'>64‚etV11,</span> 
     </span>
     <span class='ocr_line' id='line_1_31' title="bbox 245 3095 1075 3188; baseline 0.006 -35"><span class='ocrx_word' id='word_1_275' title='bbox 245 3095 301 3173; x_wconf 81' lang='lat'>62,</span> <span class='ocrx_word' id='word_1_276' title='bbox 318 3099 371 3159; x_wconf 91' lang='lat' dir='ltr'>ubi</span> <span class='ocrx_word' id='word_1_277' title='bbox 385 3101 534 3163; x_wconf 90' lang='lat' dir='ltr'>Collcssus</span> <span class='ocrx_word' id='word_1_278' title='bbox 548 3104 588 3164; x_wconf 87' lang='lat' dir='ltr'>ad</span> <span class='ocrx_word' id='word_1_279' title='bbox 601 3103 870 3188; x_wconf 89' lang='lat' dir='ltr'>interpretandum</span> <span class='ocrx_word' id='word_1_280' title='bbox 884 3097 1075 3161; x_wconf 88' lang='lat' dir='ltr'>adhibeatur.</span> 
     </span>
    </p>
   </div>
   <div class='ocr_carea' id='block_1_3' title="bbox 635 3261 915 3342">
    <p class='ocr_par' dir='ltr' id='par_1_4' title="bbox 635 3261 915 3342">
     <span class='ocr_line' id='line_1_32' title="bbox 635 3261 915 3342; baseline -0.011 -4"><span class='ocrx_word' id='word_1_281' title='bbox 635 3261 836 3342; x_wconf 87' lang='lat' dir='ltr'>SECTIO</span> <span class='ocrx_word' id='word_1_282' title='bbox 864 3265 915 3338; x_wconf 94' lang='lat' dir='ltr'>Il.</span> 
     </span>
    </p>
   </div>
   <div class='ocr_carea' id='block_1_4' title="bbox 250 3403 1299 3609">
    <p class='ocr_par' dir='ltr' id='par_1_5' title="bbox 250 3403 1299 3609">
     <span class='ocr_line' id='line_1_33' title="bbox 250 3403 1299 3502; baseline 0.002 -35"><span class='ocrx_word' id='word_1_283' title='bbox 250 3403 304 3468; x_wconf 89' lang='lat' dir='ltr'>De</span> <span class='ocrx_word' id='word_1_284' title='bbox 316 3411 461 3473; x_wconf 83' lang='lat' dir='ltr'>carminis</span> <span class='ocrx_word' id='word_1_285' title='bbox 474 3409 576 3478; x_wconf 80' lang='lat' dir='ltr'>indole</span> <span class='ocrx_word' id='word_1_286' title='bbox 581 3434 592 3490; x_wconf 93' lang='lat'><em>;</em></span> <span class='ocrx_word' id='word_1_287' title='bbox 608 3409 646 3475; x_wconf 83' lang='lat' dir='ltr'>de</span> <span class='ocrx_word' id='word_1_288' title='bbox 660 3416 838 3502; x_wconf 79' lang='lat' dir='ltr'>argumenti</span> <span class='ocrx_word' id='word_1_289' title='bbox 849 3423 912 3476; x_wconf 86' lang='lat' dir='ltr'>tam</span> <span class='ocrx_word' id='word_1_290' title='bbox 927 3409 1061 3486; x_wconf 84' lang='lat' dir='ltr'>delectu,</span> <span class='ocrx_word' id='word_1_291' title='bbox 1078 3433 1172 3500; x_wconf 84' lang='lat' dir='ltr'>quam</span> <span class='ocrx_word' id='word_1_292' title='bbox 1187 3419 1299 3473; x_wconf 70' lang='lat' dir='ltr'>bactu-</span> 
     </span>
     <span class='ocr_line' id='line_1_34' title="bbox 385 3515 1169 3609; baseline -0.004 -29"><span class='ocrx_word' id='word_1_293' title='bbox 385 3518 482 3596; x_wconf 76' lang='lat' dir='ltr'>tt&#39;oue5</span> <span class='ocrx_word' id='word_1_294' title='bbox 494 3529 525 3580; x_wconf 89' lang='lat' dir='ltr'>et</span> <span class='ocrx_word' id='word_1_295' title='bbox 538 3515 575 3584; x_wconf 84' lang='lat' dir='ltr'>de</span> <span class='ocrx_word' id='word_1_296' title='bbox 586 3518 778 3596; x_wconf 82' lang='lat' dir='ltr'>auctoribus,</span> <span class='ocrx_word' id='word_1_297' title='bbox 794 3542 871 3609; x_wconf 81' lang='lat' dir='ltr'>quos</span> <span class='ocrx_word' id='word_1_298' title='bbox 881 3529 978 3608; x_wconf 78' lang='lat' dir='ltr'>poeta</span> <span class='ocrx_word' id='word_1_299' title='bbox 990 3528 1110 3582; x_wconf 85' lang='lat' dir='ltr'>secutus</span> <span class='ocrx_word' id='word_1_300' title='bbox 1121 3517 1169 3578; x_wconf 80' lang='lat' dir='ltr'>sit.</span> 
     </span>
    </p>
   </div>
   <div class='ocr_carea' id='block_1_5' title="bbox 222 3673 1302 4113">
    <p class='ocr_par' dir='ltr' id='par_1_6' title="bbox 222 3673 1302 4113">
     <span class='ocr_line' id='line_1_35' title="bbox 222 3673 1301 3760; baseline -0.004 -24"><span class='ocrx_word' id='word_1_301' title='bbox 222 3683 224 3688; x_wconf 80' lang='grc'>’</span> <span class='ocrx_word' id='word_1_302' title='bbox 290 3677 367 3754; x_wconf 76' lang='lat' dir='ltr'>Qun</span> <span class='ocrx_word' id='word_1_303' title='bbox 388 3678 559 3739; x_wconf 89' lang='lat' dir='ltr'>communis</span> <span class='ocrx_word' id='word_1_304' title='bbox 582 3676 747 3739; x_wconf 90' lang='lat' dir='ltr'>hominum</span> <span class='ocrx_word' id='word_1_305' title='bbox 769 3679 1028 3760; x_wconf 79' lang='lat' dir='ltr'>scriptorumque,</span> <span class='ocrx_word' id='word_1_306' title='bbox 1052 3677 1106 3758; x_wconf 89' lang='lat' dir='ltr'>qui</span> <span class='ocrx_word' id='word_1_307' title='bbox 1129 3673 1248 3753; x_wconf 84' lang='lat' dir='ltr'>magnis</span> <span class='ocrx_word' id='word_1_308' title='bbox 1271 3688 1301 3732; x_wconf 89' lang='lat' dir='ltr'>et</span> 
     </span>
     <span class='ocr_line' id='line_1_36' title="bbox 253 3763 1302 3842; baseline -0.004 -18"><span class='ocrx_word' id='word_1_309' title='bbox 253 3765 414 3826; x_wconf 69' lang='lat' dir='ltr'>nautibus</span> <span class='ocrx_word' id='word_1_310' title='bbox 428 3780 457 3827; x_wconf 92' lang='lat' dir='ltr'>et</span> <span class='ocrx_word' id='word_1_311' title='bbox 470 3768 550 3828; x_wconf 83' lang='lat' dir='ltr'>vitiis</span> <span class='ocrx_word' id='word_1_312' title='bbox 561 3766 728 3842; x_wconf 85' lang='lat' dir='ltr'>excellunt,</span> <span class='ocrx_word' id='word_1_313' title='bbox 746 3765 872 3828; x_wconf 81' lang='lat' dir='ltr'>fortuna</span> <span class='ocrx_word' id='word_1_314' title='bbox 888 3787 948 3826; x_wconf 86' lang='lat' dir='ltr'>esse</span> <span class='ocrx_word' id='word_1_315' title='bbox 964 3766 1055 3839; x_wconf 84' lang='lat' dir='ltr'>solet,</span> <span class='ocrx_word' id='word_1_316' title='bbox 1071 3763 1209 3824; x_wconf 86' lang='lat' dir='ltr'>eamdem</span> <span class='ocrx_word' id='word_1_317' title='bbox 1223 3781 1302 3842; x_wconf 89' lang='lat' dir='ltr'>quo-</span> 
     </span>
     <span class='ocr_line' id='line_1_37' title="bbox 250 3849 1301 3935; baseline -0.001 -25"><span class='ocrx_word' id='word_1_318' title='bbox 250 3871 310 3930; x_wconf 91' lang='lat' dir='ltr'>que</span> <span class='ocrx_word' id='word_1_319' title='bbox 325 3867 465 3935; x_wconf 84' lang='lat' dir='ltr'>expertus</span> <span class='ocrx_word' id='word_1_320' title='bbox 480 3869 524 3914; x_wconf 88' lang='lat' dir='ltr'>est</span> <span class='ocrx_word' id='word_1_321' title='bbox 539 3854 627 3915; x_wconf 89' lang='lat' dir='ltr'>Silius</span> <span class='ocrx_word' id='word_1_322' title='bbox 643 3869 759 3931; x_wconf 86' lang='lat' dir='ltr'>noster,</span> <span class='ocrx_word' id='word_1_323' title='bbox 776 3869 811 3913; x_wconf 91' lang='lat' dir='ltr'>ut</span> <span class='ocrx_word' id='word_1_324' title='bbox 827 3854 936 3915; x_wconf 90' lang='lat' dir='ltr'>scilicet</span> <span class='ocrx_word' id='word_1_325' title='bbox 953 3854 992 3914; x_wconf 88' lang='lat' dir='ltr'>ab</span> <span class='ocrx_word' id='word_1_326' title='bbox 1010 3853 1076 3912; x_wconf 85' lang='lat' dir='ltr'>aliis</span> <span class='ocrx_word' id='word_1_327' title='bbox 1094 3871 1148 3911; x_wconf 84' lang='lat' dir='ltr'>ore</span> <span class='ocrx_word' id='word_1_328' title='bbox 1165 3849 1301 3934; x_wconf 82' lang='lat' dir='ltr'>pleniore</span> 
     </span>
     <span class='ocr_line' id='line_1_38' title="bbox 251 3937 1302 4018; baseline -0.001 -22"><span class='ocrx_word' id='word_1_329' title='bbox 251 3937 289 3996; x_wconf 90' lang='lat' dir='ltr'>ad</span> <span class='ocrx_word' id='word_1_330' title='bbox 301 3940 411 4000; x_wconf 79' lang='lat' dir='ltr'>eaelum</span> <span class='ocrx_word' id='word_1_331' title='bbox 425 3941 567 4004; x_wconf 86' lang='lat' dir='ltr'>laudibus</span> <span class='ocrx_word' id='word_1_332' title='bbox 580 3943 755 4016; x_wconf 87' lang='lat' dir='ltr'>efferretur,</span> <span class='ocrx_word' id='word_1_333' title='bbox 768 3943 807 4001; x_wconf 90' lang='lat' dir='ltr'>ab</span> <span class='ocrx_word' id='word_1_334' title='bbox 823 3942 888 4002; x_wconf 88' lang='lat' dir='ltr'>aliis</span> <span class='ocrx_word' id='word_1_335' title='bbox 903 3957 1005 4001; x_wconf 87' lang='lat' dir='ltr'>nutem</span> <span class='ocrx_word' id='word_1_336' title='bbox 1019 3939 1163 4000; x_wconf 90' lang='lat' dir='ltr'>inmerito</span> <span class='ocrx_word' id='word_1_337' title='bbox 1179 3959 1214 3997; x_wconf 89' lang='lat' dir='ltr'>ac</span> <span class='ocrx_word' id='word_1_338' title='bbox 1225 3957 1302 4018; x_wconf 75' lang='lat' dir='ltr'>pre·</span> 
     </span>
     <span class='ocr_line' id='line_1_39' title="bbox 250 4027 1302 4113; baseline -0.001 -28"><span class='ocrx_word' id='word_1_339' title='bbox 250 4039 297 4086; x_wconf 84' lang='lat' dir='ltr'>ter</span> <span class='ocrx_word' id='word_1_340' title='bbox 311 4028 438 4087; x_wconf 90' lang='lat' dir='ltr'>modurn</span> <span class='ocrx_word' id='word_1_341' title='bbox 451 4032 683 4113; x_wconf 88' lang='lat' dir='ltr'>vituperaretur.</span> <span class='ocrx_word' id='word_1_342' title='bbox 699 4033 739 4089; x_wconf 92' lang='lat' dir='ltr'>Ut</span> <span class='ocrx_word' id='word_1_343' title='bbox 753 4031 885 4110; x_wconf 87' lang='lat' dir='ltr'>antiquis</span> <span class='ocrx_word' id='word_1_344' title='bbox 895 4032 949 4109; x_wconf 87' lang='lat'>(1),</span> <span class='ocrx_word' id='word_1_345' title='bbox 962 4032 1005 4088; x_wconf 88' lang='lat' dir='ltr'>ita</span> <span class='ocrx_word' id='word_1_346' title='bbox 1019 4042 1049 4087; x_wconf 90' lang='lat' dir='ltr'>et</span> <span class='ocrx_word' id='word_1_347' title='bbox 1062 4027 1175 4087; x_wconf 87' lang='lat' dir='ltr'>nostris</span> <span class='ocrx_word' id='word_1_348' title='bbox 1185 4038 1302 4106; x_wconf 88' lang='lat' dir='ltr'>tempo·</span> 
     </span>
    </p>
   </div>
   <div class='ocr_carea' id='block_1_6' title="bbox 291 4166 1299 4242">
    <p class='ocr_par' dir='ltr' id='par_1_7' title="bbox 291 4166 1299 4242">
     <span class='ocr_line' id='line_1_40' title="bbox 291 4166 1299 4242; baseline -0.002 -26"><span class='ocrx_word' id='word_1_349' title='bbox 291 4167 329 4237; x_wconf 87' lang='lat' dir='ltr'>(r)</span> <span class='ocrx_word' id='word_1_350' title='bbox 345 4168 404 4219; x_wconf 80' lang='lat' dir='ltr'>vid.</span> <span class='ocrx_word' id='word_1_351' title='bbox 426 4170 539 4222; x_wconf 85' lang='lat' dir='ltr'>Martial.</span> <span class='ocrx_word' id='word_1_352' title='bbox 558 4174 685 4242; x_wconf 85' lang='lat' dir='ltr'>epigram.</span> <span class='ocrx_word' id='word_1_353' title='bbox 702 4173 771 4222; x_wconf 86' lang='lat' dir='ltr'>inlro</span> <span class='ocrx_word' id='word_1_354' title='bbox 790 4169 912 4236; x_wconf 87' lang='lat' dir='ltr'>laudata,</span> <span class='ocrx_word' id='word_1_355' title='bbox 927 4173 1034 4241; x_wconf 88' lang='lat' dir='ltr'>inprim.</span> <span class='ocrx_word' id='word_1_356' title='bbox 1052 4169 1103 4233; x_wconf 81' lang='lat' dir='ltr'>XI,</span> <span class='ocrx_word' id='word_1_357' title='bbox 1120 4167 1169 4232; x_wconf 82' lang='lat'>51,</span> <span class='ocrx_word' id='word_1_358' title='bbox 1183 4179 1209 4219; x_wconf 84' lang='lat' dir='ltr'>et</span> <span class='ocrx_word' id='word_1_359' title='bbox 1225 4166 1299 4218; x_wconf 77' lang='lat' dir='ltr'>Alex.</span> 
     </span>
    </p>
   </div>
   <div class='ocr_carea' id='block_1_7' title="bbox 0 0 1481 4644">
    <p class='ocr_par' dir='ltr' id='par_1_8' title="bbox 0 0 1481 4644">
     <span class='ocr_line' id='line_1_41' title="bbox 0 0 1481 4644; baseline 0 0"><span class='ocrx_word' id='word_1_360' title='bbox 0 0 1481 4644; x_wconf 95' lang='lat' dir='ltr'> </span> 
     </span>
    </p>
   </div>
  </div>
 </body>
</html>
