2956 4670
434 380 744 454 PUNICOHUM
767 385 860 449 ΗΒ.
884 386 970 450 XII.
1182 384 1219 449 61

165 533 213 598 Et
226 533 320 597 festa
334 534 470 620 cingunt
482 531 602 596 montis
615 529 795 619 penetralia
806 530 910 594 lauro.

166 638 267 701 Tum
281 638 408 715 vultus,
421 635 522 701 modo
534 659 601 700 non
615 657 717 723 parvo
730 632 850 699 sudore
863 633 1048 714 madentes,

165 743 277 807 Nunc
291 743 384 808 laetos
395 743 486 808 lovis
497 739 700 830 adspectant.
717 743 806 816 «Da,
820 763 948 804 summe
961 744 1123 820 Deorum,

169 849 241 928 Da,
257 865 368 936 pater,
383 864 420 911 ut
431 869 525 913 sacro
538 845 635 935 Libys
648 846 734 910 inter
745 845 858 932 praelia
869 845 936 909 telo

169 951 362 1018 Concidet:
376 950 464 1017 haud
476 951 538 1016 alia
550 951 637 1038 potis
649 968 699 1016 est
711 949 909 1014 occumbere
922 949 1069 1016 dextra.»
1183 962 1227 1022 645

220 1060 279 1124 Sic
291 1057 376 1124 adeo
388 1073 518 1122 orantes
531 1077 680 1146 pressere
693 1055 835 1136 silentia,
849 1073 1026 1145 postquam

172 1162 372 1230 Abstulerat
384 1180 487 1228 terras
499 1161 703 1251 nigrantibus
718 1163 885 1249 Hesperus
898 1162 1033 1226 umbris.

172 1271 291 1353 Quem
304 1268 403 1336 simul
414 1266 577 1332 adtollens
590 1267 780 1331 rutilantem
792 1265 944 1355 lampada
956 1267 1053 1331 Titan

174 1373 318 1453 Obruit,
332 1388 365 1437 et
376 1375 453 1438 vitae
465 1369 564 1436 rediit
574 1369 768 1435 mortalibus
782 1373 874 1450 usu's,

176 1481 306 1544 Poenus
317 1477 503 1558 adest,nec
515 1499 549 1541 se
562 1476 674 1540 castris
686 1475 848 1539 OEnotria
860 1474 966 1564 pubes
1186 1493 1259 1541 650.

180 1586 355 1648 Continet.
369 1580 467 1647 Haud
480 1569 563 1646 dum
573 1602 669 1645 enses
682 1580 799 1658 stricti,
814 1577 1029 1670 mediumque
1036 1579 1167 1672 jacebat

177 1693 330 1756 Tantum
342 1689 384 1753 ad
398 1688 484 1754 bella
495 1687 575 1766 loci,
589 1703 749 1776 quantum
762 1688 982 1754 transmittere
990 1689 1087 1779 jactae

181 1793 394 1864 S'ubflcerent
405 1793 523 1874 hastas,
537 1816 641 1882 quum
654 1792 763 1879 fulgor
774 1791 953 1858 hebescere
966 1793 1036 1859 eaeli

216 1982 271 2029 650.
282 1981 389 2028 claustris
400 1980 492 2028 emersd.
506 1979 584 2028 surm.
595 1978 655 2041 prob
666 1978 737 2025 urat.
751 1980 863 2040 quianon
875 1981 899 2024 in
911 1981 1001 2035 castris,
1017 1980 1057 2026 sed
1072 1983 1095 2026 iu
1108 1980 1167 2027 urhe
1179 1982 1235 2029 lue-

183 2056 232 2100 rint
242 2055 347 2100 Romani.
363 2055 485 2099 Enimvero
497 2054 575 2098 [iuius
584 2051 623 2098 lib.
635 2051 720 2105 XXVI,
741 2057 780 2106 io,
796 2061 922 2106 memorat,
939 2051 1044 2098 fulvium
1057 2055 1130 2108 iuter,
1143 2055 1236 2101 Con'su·

182 2127 266 2189 lesque
279 2128 340 2172 eirca
355 2137 434 2187 portas
449 2123 560 2170 Collinam
576 2120 763 2186 Esquilinamque
775 2133 849 2168 eastra
860 2123 980 2182 posuisse,
993 2135 1016 2168 et
1028 2139 1048 2169 e.
1062 2139 1102 2180 rr,
1114 2137 1236 2190 utramque

183 2197 260 2242 aciem
272 2195 385 2256 recepisse
402 2209 426 2240 se
442 2195 465 2239 in
480 2199 568 2249 castra,
586 2203 638 2252 quse
654 2189 714 2236 lorte
728 2189 765 2235 die
779 2189 850 2252 prelii
866 2188 958 2251 longius
974 2191 1003 2238 ab
1019 2191 1076 2238 urbe
1092 2206 1153 2240 mota
1171 2209 1236 2253 suut;

184 2267 268 2314 eonler
275 2266 353 2329 Polyb.
366 2267 410 2322 lx,
421 2262 448 2320 θ’,
460 2279 482 2326 7,
492 2263 624 2327 quinariis,
634 2261 745 2308 Consules
754 2263 854 2324 primurn
864 2275 936 2308 eastra
946 2276 1000 2310 ause
1009 2263 1074 2312 urbis
1083 2267 1165 2311 moenia
1175 2282 1238 2314 eorn-

186 2338 302 2391 munisse,
316 2346 339 2382 et
349 2349 403 2382 mos
415 2335 520 2396 posuisse
530 2333 612 2380 decern
622 2331 694 2378 stadia
703 2331 732 2376 ab
742 2329 842 2378 hostiurn
851 2333 938 2378 castris.
950 2357 981 2368 —
990 2332 1043 2379 651.
1057 2335 1166 2402 mediique
1177 2337 1236 2398 prse-

187 2415 232 2451 stat
241 2404 321 2466 judice
334 2406 361 2449 N.
375 2406 453 2451 Heius.

224 2567 285 2633 641.
306 2570 337 2620 lu
352 2566 461 2638 publica
480 2566 570 2618 latitia
589 2585 641 2618 arte
660 2584 690 2617 ac
737 2576 828 2631 terras,
845 2583 936 2618 earum
954 2565 1124 2637 adspectum,
1141 2568 1235 2640 Hespe·

192 2647 289 2716 templa
298 2646 410 2697 deornm
420 2647 554 2707 coronari,
562 2643 691 2709 solebant,
737 2662 795 2703 rus,
808 2644 918 2714 Vesper.
932 2645 974 2696 Cf.
991 2646 1041 2711 IX,
1056 2647 1117 2714 3²7.
1131 2677 1164 2684 —
1174 2649 1235 2714 648,

192 2726 327 2796 suspensis
346 2725 373 2775 in
386 2723 484 2775 horum
501 2723 622 2794 postibus
636 2740 692 2774 ser·
732 2747 751 2770 ·«
763 2726 871 2774 Postero
885 2722 928 2774 die
939 2723 1034 2774 eodem
1044 2724 1104 2775 loco
1118 2727 1187 2779 acies
1199 2730 1239 2780 in·

193 2803 241 2866 tis,
254 2801 395 2855 frondibus
406 2816 432 2854 et
441 2801 541 2855 infulis.
553 2801 593 2853 Cl.
606 2802 653 2852 inl.
666 2819 691 2852 v.
738 2815 853 2854 structas
863 2801 957 2855 eadem
969 2815 1111 2874 tempestas
1123 2804 1236 2861 diremit.

193 2883 260 2954 7433
274 2883 364 2953 Heyne
376 2880 410 2934 ad
424 2883 496 2951 virg.
514 2885 571 2934 AEn.
587 2881 624 2946 11,
642 2879 693 2946 2⁴8
738 2881 791 2933 Ubi
804 2883 965 2952 recepissent
978 2899 1004 2932 se
1017 2883 1043 2932 in
1057 2895 1158 2950 castra,
1170 2888 1238 2940 mira

192 2981 263 3033 seq.;
281 2962 379 3033 Gisrig.
396 2959 431 3011 ad
447 2959 526 3012 ovid.
545 2961 609 3012 Met.
621 2959 692 3024 vul,
739 2960 865 3012 serenitas
880 2977 940 3010 cum
959 2959 1152 3031 tranquillitate
1170 2967 1238 3018 orie·

195 3042 262 3107 2643
276 3041 362 3110 Toup.
376 3039 476 3110 Opnsc.
487 3038 518 3089 T.
534 3039 571 3104 11,
583 3057 610 3108 p.
628 3053 692 3100 1025
738 3040 852 3104 batum
871 3039 927 3090 Lis.
944 3039 1043 3105 XXVl,
1056 3057 1096 3092 rt.
1107 3071 1143 3080 -
1157 3044 1237 3114 Qum

195 3120 283 3174 Barth.
302 3119 336 3172 ad
355 3123 420 3174 Stat.
437 3118 499 3172 Silv.
518 3120 567 3184 lV,
586 3134 647 3184 vus,
666 3136 694 3182 ις
739 3122 885 3190 Hesperum
901 3118 995 3186 emal,
1017 3119 1141 3189 simulac,
1160 3123 1239 3178 Titan

195 3203 334 3272 Koeppen.
347 3199 382 3251 ad
392 3201 468 3250 Hom.
480 3196 554 3250 lliad.
569 3217 599 3258 s,-
610 3199 695 3268 39.-·
739 3200 836 3262 obnsit,
855 3196 914 3250 luce
928 3197 1065 3270 radiisque
1084 3203 1137 3255 suis
1158 3207 1238 3270 vicit,

196 3281 291 3332 montis
305 3277 464 3350 penetralia,
479 3277 608 3347 templum
621 3279 695 3329 Jovis
740 3282 796 3349 ejus
813 3277 970 3350 adspectum
985 3278 1092 3331 abstulit
1109 3294 1135 3334 et
1151 3283 1239 3354 splen-

198 3362 225 3411 iu
244 3372 334 3410 monte
353 3358 514 3429 Capitolino.
529 3357 638 3424 -642Ι
657 3358 696 3409 De
741 3358 833 3410 dorem
857 3360 992 3424 restinxit,
1016 3359 1058 3411 vel
1079 3361 1239 3418 obscuravit.

198 3437 252 3490 lruc
264 3439 331 3490 tristi
341 3436 464 3509 prodigio
476 3455 499 3487 v.
511 3435 545 3488 ad
555 3439 580 3500 1,
594 3437 641 3501 86,
652 3437 696 3506 98,
742 3437 819 3489 Conf.
835 3435 900 3488 Stet.
917 3435 1003 3488 Achil.
1016 3439 1041 3500 l,
1055 3439 1120 3508 293,
1135 3455 1161 3493 et
1174 3444 1239 3497 Tac,

199 3530 226 3570 et
236 3519 309 3583 vlu,
322 3516 382 3584 645.
392 3546 427 3556 -
440 3515 635 3588 uulnssstatuae.
742 3517 830 3588 agric.
853 3533 891 3586 ¹7·
910 3547 942 3554 -
958 3515 1086 3570 adtollens
1104 3517 1239 3592 lampada,

235 3598 297 3666 644.
312 3615 381 3651 sactu
395 3595 497 3658 telon.
511 3593 700 3661 ad1,253,et
743 3595 871 3667 graphice
897 3595 1222 3664 proferenslucem;Ern.

200 3677 251 3742 lx,
270 3676 330 3750 536.
350 3705 387 3716 -
401 3675 461 3742 645.
481 3675 542 3726 Hac
561 3675 700 3750 magnifice
780 3675 840 3727 650.
855 3634 982 3726 (ἐκοπία
993 3676 1088 3745 pubes,
1100 3692 1129 3729 ut
1143 3697 1165 3731 r.
1181 3683 1240 3756 587,

203 3755 274 3808 dicta
294 3754 328 3808 de
346 3753 508 3818 Hannibale,
528 3751 576 3805 sed
593 3752 701 3825 indigne
746 3753 848 3806 -651.
860 3753 941 3804 Haud
949 3753 1011 3804 dum
1021 3773 1091 3808 enses
1098 3761 1180 3812 stricti
1184 3783 1194 3824 ,·
1204 3766 1240 3816 cf.

205 3833 239 3886 de
254 3835 394 3900 Romanis,
410 3835 455 3905 qui
471 3846 559 3884 tamen
574 3849 628 3884 nnn
646 3851 701 3884 osn-
748 3833 781 3886 ad
794 3853 818 3886 v.
833 3833 897 3900 3⁸4,
911 3847 938 3884 et
951 3833 986 3884 ad
997 3834 1048 3901 lX,
1062 3836 1129 3905 314,
1142 3843 1168 3892 in
1179 3843 1242 3896 Ver.
1284 3889 1289 3902 ,

205 3931 252 3966 nes
266 3916 303 3966 ita
318 3917 445 3980 sensisse,
460 3913 501 3965 vel
515 3924 588 3966 certa
606 3911 702 3965 dixisse
746 3915 817 3966 Lect.
828 3913 888 3965 Vid.
900 3913 934 3966 ad
943 3915 993 3982 w,
1009 3931 1053 3966 sor
1068 3934 1124 3986 seq.
1134 3949 1169 3958 -
1181 3915 1242 3974 65¹2,

207 3993 332 4046 censendi
343 4007 413 4047 sunt.
747 3988 830 4057 bella,
840 3991 968 4064 praeliuut.
980 3992 1040 4045 Vid.
1057 3993 1091 4045 ad
1105 3999 1129 4060 1,
1142 3991 1202 4049 6ss.

242 4070 303 4137 646.
313 4070 445 4124 silentium
454 4089 584 4143 premere,
592 4083 621 4122 ut
633 4083 704 4122 tene·
783 4071 843 4124 653.
858 4069 1027 4144 Subficerent,
1042 4072 1173 4140 valerent,
1185 4092 1246 4144 pos·

208 4166 252 4216 re,
270 4147 400 4202 obtinere.
419 4179 454 4190 -
471 4149 532 4221 647.
559 4145 704 4203 Attulerat
748 4163 821 4216 sent,
832 4165 860 4202 ut
872 4168 916 4221 ap.
927 4153 1000 4222 Virg.
1010 4153 1067 4203 ΕΔ).
1078 4151 1114 4213 V,
1128 4167 1160 4200 na
1171 4151 1204 4204 al.
1215 4155 1246 4204 ln

653 4423 660 4468 l
