2960 4644
253 383 315 448 230
568 379 603 444 C.
627 375 753 444 SlLll
777 375 971 441 l'l'ALlCl
1015 403 1018 414 ·

249 525 390 600 AEstuat,
403 537 450 600 et,
464 521 604 586 lustrans
617 539 751 586 nantem
763 519 824 608 sub
836 522 966 610 gurgite
978 517 1140 609 praedam,

250 627 413 692 Absorbet
424 627 488 692 late
500 629 700 716 permixtum
712 627 856 718 piscibus
870 651 993 718 sequor.

250 737 324 800 Non
336 735 403 798 telo
415 757 521 814 mora,
535 759 601 800 non
613 735 720 801 dietis.
738 735 860 800 «Haud
873 735 1029 823 amplius,
1042 733 1164 822 inquit,

250 841 387 906 Elabere
399 841 499 906 mihi:
514 865 579 907 non
592 840 647 906 hic
659 865 793 907 nemora
805 843 876 906 avia
890 841 1005 907 fallent
1251 863 1302 911 7⁹·

248 951 406 1037 Pyrenes,
420 971 481 1012 nec
493 949 662 1036 promissis
675 949 874 1013 frustrabere
888 949 994 1025 vanis,

247 1055 294 1118 Ut
306 1053 475 1143 quondam
487 1071 572 1119 terra
587 1055 683 1119 fallax
695 1054 878 1142 deprensus
892 1053 1015 1118 Hibera

249 1162 358 1228 Evasti
373 1179 517 1226 nostram
531 1163 667 1227 mentito
680 1161 808 1227 loedere
820 1163 978 1227 dextram.
992 1191 1005 1220 ι

296 1272 375 1335 Haec
386 1271 490 1348 Nero,
504 1286 537 1334 et
549 1271 718 1357 intorquet
725 1269 872 1360 jaculum
886 1294 893 1332 :
906 1293 968 1335 nee
980 1267 1081 1355 futilis
1094 1269 1187 1333 ictus.

250 1376 332 1440 llam
346 1375 447 1438 latere
460 1389 606 1438 extremo
618 1375 727 1462 cuspis
740 1373 856 1438 librata
869 1372 1002 1438 resedit.
1039 1387 1059 1401 ‘¹
1249 1381 1296 1442 79⁵

251 1477 382 1544 Invadit
394 1478 506 1543 stricto
519 1478 701 1568 superhaec
713 1479 882 1544 interritus
895 1501 989 1558 ense,
1388 1463 1392 1468 ’

251 1586 473 1674 Conlapsique
485 1609 639 1672 premens
652 1585 798 1651 umbone
811 1587 985 1651 trementia
998 1583 1160 1664 membra,

255 1721 268 1750 a
280 1693 311 1756 Si
325 1713 390 1780 qua
402 1689 463 1756 sub
477 1710 624 1755 extremo
637 1713 714 1758 casu
726 1691 880 1757 mandata
892 1694 1007 1758 referri

253 1799 418 1863 Germano
433 1799 479 1860 vis
492 1798 576 1860 forte
589 1813 661 1875 tuo,
676 1800 896 1885 portabimus,
909 1800 1027 1886 inquit.
1040 1827 1054 1856 a

253 1905 374 1968 Contra
387 1900 561 1968 Sidonius:
579 1931 592 1960 a
607 1905 687 1968 Leto
700 1927 768 1968 non
781 1923 908 1970 terreor
919 1905 999 1969 ullo.

255 2009 357 2073 Utere
370 2011 475 2071 Marte
489 2024 561 2084 tuo,
575 2007 656 2072 dum
668 2011 787 2074 nostris
800 2011 954 2076 manibus
964 2009 1050 2076 adsit

255 2123 414 2179 Actutum
427 2112 562 2193 vindam
575 2138 649 2178 mea
662 2117 688 2180 si
699 2139 854 2204 suprema
865 2117 994 2182 referre
1028 2127 1029 2130 ’

256 2222 361 2287 Fratri
375 2219 474 2285 rerba
487 2221 595 2308 paras,
609 2223 747 2312 mando,
761 2224 921 2315 Capitolia
934 2225 1039 2289 victor

257 2331 394 2406 Exurat,
406 2327 577 2416 cinerique
588 2329 679 2393 lovis
691 2331 888 2416 permisceat
900 2352 973 2396 ossa

259 2437 301 2501 Et
313 2438 441 2500 cineres
452 2453 592 2499 nostros.
605 2466 618 2494 a
634 2438 829 2533 pupientem
842 2436 1019 2502 adnectere
1032 2435 1127 2526 plura
1218 2505 1222 2508 ,
1254 2446 1301 2494 ses

258 2543 521 2631 Ferventemque
534 2542 580 2606 ira
593 2545 707 2607 mortis
721 2542 962 2609 transuerberat
975 2565 1069 2620 ense,

291 2725 343 2786 795.
357 2721 438 2770 ulma
451 2723 501 2772 eol.
517 2723 593 2787 Vulgo
603 2724 698 2771 vibrata.
712 2725 749 2773 llll
760 2727 863 2773 interest.
875 2749 906 2762 -
917 2725 971 2773 806.
987 2725 1075 2778 mortis,
1090 2737 1137 2769 non
1149 2723 1244 2776 Marah,
1256 2719 1303 2764 01·

297 2893 377 2946 790...
394 2879 453 2947 793.
466 2877 527 2928 Hac
539 2879 642 2932 Marsus
655 2879 757 2932 erCell.
798 2876 913 2951 'infidum
924 2887 1008 2949 eaput.
1020 2905 1054 2918 -
1063 2875 1169 2940 Errasti,
1182 2873 1303 2937 erasisti,

260 2975 400 3029 perperam
409 2957 602 3010 referebantad
611 2965 759 3034 Pyrenaeum
804 2960 876 3009 conl.
890 2958 959 3028 App.

260 3035 367 3100 silvam,
381 3053 439 3106 quta
453 3037 604 3106 Scipionem
620 3040 760 3102 fefellerit,
841 3039 900 3108 794.
911 3034 1185 3106 irtusfutilir‚vanus,
1194 3033 1302 3095 inritus,

261 3129 344 3184 quum
367 3113 561 3170 Hasdrubalem
584 3135 760 3188 persequere·
803 3129 834 3168 nt
843 3117 875 3176 V,
890 3117 1036 3186 2973eonl.
1051 3112 1086 3165 ad
1096 3115 1228 3180 vlt,629.

261 3205 305 3242 tur
316 3189 392 3260 (vide
406 3209 487 3262 supra
499 3211 524 3243 v.
538 3195 590 3264 475
603 3213 657 3266 seq.
671 3197 723 3264 488
732 3197 760 3264 ),
840 3196 891 3266 798
901 3211 941 3266 sq.
954 3193 1051 3247 Similis
1061 3209 1211 3244 sarcasmus
1220 3185 1304 3241 virio-

261 3281 333 3322 reete
353 3285 440 3324 autern
457 3271 557 3344 Dausq.
580 3287 606 3324 et
625 3275 758 3327 Drakenb.
805 3277 841 3326 ris
852 3279 949 3346 passim
962 3273 1069 3333 obvius3
1082 3271 1155 3324 conf.
1167 3270 1201 3322 ad
1213 3269 1304 3331 1,383

262 3349 296 3402 ad
311 3348 403 3402 dolum
418 3370 536 3424 vanaque
548 3355 686 3424 promissa,
702 3357 761 3425 qni·
805 3367 832 3408 et
846 3355 905 3426 398.
918 3385 953 3394 -
966 3354 1018 3406 800
1029 3371 1103 3424 seqq.
1113 3351 1202 3404 Verba
1213 3350 1305 3402 virtuti

261 3433 311 3484 bus
328 3429 495 3496 Hasdrubal,
512 3436 537 3484 in
555 3436 682 3505 Hispania
699 3435 760 3488 loeo
805 3435 979 3488 Hasdrubalis
995 3445 1188 3497 consentanea,
1200 3431 1233 3482 de
1249 3447 1304 3500 quo

261 3514 354 3586 iniquo
366 3510 563 3584 deprehensus,
577 3515 717 3566 frustratus
728 3517 761 3566 sit
805 3517 860 3568 Liv.
873 3517 979 3579 xxvn,
991 3517 1040 3586 49=
1056 3537 1066 3560 ι
1078 3516 1112 3566 Ut
1122 3527 1197 3584 patre
1207 3509 1307 3564 Hamil·

261 3595 349 3664 ipsum
367 3591 439 3644 huno
452 3593 602 3657 Neronem,
618 3607 643 3646 et
658 3595 762 3649 ineolu-
806 3613 867 3647 aare
884 3607 910 3646 et
924 3593 1074 3646 Hannibale
1093 3595 1175 3645 fratre
1194 3589 1305 3662 dignun

261 3675 311 3724 mis
322 3691 353 3724 ex
364 3671 761 3743 angustiisevaserit,simulans
806 3685 876 3737 erat,
889 3685 1011 3744 pugnans
1025 3671 1129 3725 recidis.
1142 3695 1153 3718 ι

262 3768 291 3802 se
304 3749 337 3802 de
350 3750 548 3803 conditionibus
560 3766 693 3820 acturum,
705 3757 763 3827 qni-
843 3754 902 3805 801.
922 3753 996 3804 Utere
1012 3753 1099 3804 Marte
1114 3763 1171 3816 nso,
1186 3763 1217 3802 ut
1232 3747 1306 3819 apud

262 3829 312 3904 bus
330 3833 402 3882 omni
416 3831 543 3902 Hispania
559 3831 714 3896 decederet;
728 3835 762 3886 de
806 3832 879 3904 Virq.
890 3831 948 3883 AEn.
960 3833 1024 3898 llll,
1036 3833 1102 3902 9323
1115 3831 1186 3882 enni.
1199 3845 1258 3899 sap.
1270 3824 1307 3880 atl

264 3927 318 3980 quo
331 3923 528 3982 strategemate,
541 3913 594 3965 rid.
605 3915 700 3966 Zonar.
714 3913 760 3965 lib.
806 3915 831 3976 l,
854 3912 910 3964 ns.
927 3941 963 3952 -
978 3914 1097 3964 munibus
1113 3912 1178 3964 adsit
1196 3909 1304 3974 vivadex,

263 3989 302 4052 ll,
320 3989 374 4040 Liv.
392 3991 490 4054 XXVl,
514 4009 558 4061 ¹7³
577 3993 689 4057 xxva,
710 3992 760 4057 445
807 3989 880 4057 quod
891 4003 916 4040 et
927 4001 1002 4059 optat
1012 3991 1141 4042 moritura
1151 3987 1221 4040 lb'do
1232 3986 1307 4058 apud

262 4067 382 4117 Frontin.
396 4067 475 4120 Strat.
488 4072 512 4132 l,
524 4089 552 4132 a,
566 4089 605 4139 ¹9·
619 4071 686 4120 Hinc
697 4071 762 4119 Has·
806 4067 878 4136 virg.
892 4067 950 4117 AEn.
963 4069 1006 4131 lV,
1018 4067 1070 4118 625
1083 4083 1122 4136 sq.
1135 4095 1170 4108 ·-
1184 4067 1236 4131 804
1247 4081 1304 4134 seq.

262 4143 360 4197 daubal
377 4144 475 4198 dicitur
485 4147 593 4218 fallax,
614 4156 640 4195 et
657 4163 680 4195 v.
700 4145 760 4211 807,
804 4147 884 4197 Conl'.
898 4149 945 4208 lll,
961 4145 1008 4211 86,
1021 4159 1046 4197 et
1059 4145 1096 4198 ibi
1111 4157 1166 4196 not.
1180 4175 1214 4184 -
1225 4145 1310 4195 eisteti
