2960 4644
268 356 330 444 372
583 347 770 441 usim
793 349 990 415 rrtntcr

265 493 392 561 Obtutu
405 487 529 568 vuitus,
543 487 589 552 sic
602 509 659 552 ore
672 485 790 552 effatus
802 487 909 552 amico
921 503 989 552 est:

270 599 358 680 aQui
371 613 404 661 te
417 595 537 660 mentis
550 591 654 659 edunt
666 615 809 674 morsus,
823 593 863 658 de
877 616 1028 675 noscere,
1042 597 1181 687 conjux:

265 707 353 770 Num
365 703 455 767 Poeni
469 723 562 766 casus
575 697 683 780 ducis,
697 715 730 763 et
742 699 946 787 Carthaginis
957 701 1047 788 angit
1264 715 1313 772 345

264 812 351 874 Cura
362 809 444 874 tuae?
455 804 616 876 sedenim
629 821 745 891 reputo
758 821 867 870 tecum
881 806 949 893 ipsa
962 806 1091 872 furores

263 914 416 982 Sidonios
430 940 436 978 :
450 931 581 1002 gentem
595 929 708 978 contra
721 930 754 978 et
766 912 875 976 fatalia
887 935 986 1002 regnu

264 1025 471 1088 Teucrorum
485 1021 559 1110 quis
571 1021 647 1098 erit,
661 1042 789 1108 queso,
802 1042 972 1109 germana,
985 1021 1099 1087 rebelli

263 1129 387 1194 Fractis
400 1125 579 1192 foetleribus
592 1125 717 1213 populo
730 1123 868 1190 modus?
880 1130 953 1216 lpse
966 1128 1126 1193 mulorum
1139 1175 1143 1180 -

264 1239 339 1301 Non
352 1235 426 1322 plus
438 1230 600 1318 Carthago
613 1230 702 1310 tulit,
717 1231 933 1321 exhausitque
945 1233 1080 1312 laboris,
1261 1247 1309 1294 35..

265 1343 372 1425 Quem
384 1361 445 1428 pro
458 1335 602 1402 Cadmeo
615 1352 648 1399 tu
663 1337 804 1402 exercita
816 1354 915 1425 gente
928 1338 1040 1403 tulisti.

264 1447 419 1513 Turbusti
431 1443 532 1508 merie
543 1463 581 1507 ac
595 1459 711 1522 terres,
721 1442 949 1532 juvenemque
962 1443 1105 1509 ferocem

265 1554 393 1621 Inmisti
407 1553 515 1633 Leti03
529 1567 735 1616 tremuerunt
747 1551 868 1614 moenio
881 1552 1009 1630 Romae,

264 1663 394 1748 Perque
404 1657 455 1723 bis
468 1673 606 1723 octonos
618 1657 743 1745 primus
756 1656 819 1720 fuit
832 1655 994 1722 Hannibal
1007 1679 1111 1724 annos

266 1749 412 1830 Humani
425 1762 573 1850 generis:
588 1778 718 1850 tempus
731 1784 932 1850 componere
945 1779 1089 1851 gentem.
1262 1777 1304 1824 355

266 1869 317 1937 dd
330 1869 430 1934 finem
441 1885 594 1949 rentum3
608 1885 641 1932 ot
653 1866 836 1934 claudenda
849 1885 899 1934 est
906 1870 1008 1960 jenua
1019 1870 1107 1935 beili.
1121 1899 1134 1930 ι

312 1978 398 2041 Tum
412 1977 551 2065 suppiex
562 1979 581 2041 J
585 1998 651 2039 uno
663 1999 669 2038 :
688 2005 701 2034 r
713 1980 830 2066 Neque
843 1999 920 2064 ego,
935 1994 1061 2043 mutare
1073 1977 1238 2060 laborans,

267 2169 336 2218 betur
350 2172 378 2216 Νι
394 2172 473 2216 Heim.
486 2194 519 2205 -
535 2169 588 2226 343.
605 2169 698 2232 adsutus
714 2172 798 2217 iterum
813 2173 898 2234 corrig.
915 2172 977 2218 idem
995 2187 1018 2219 et
1036 2171 1106 2219 edidit
1120 2171 1201 2219 Leieb.
1214 2197 1245 2208 —
1258 2169 1309 2228 344.

267 2245 335 2289 edant
348 2240 437 2288 entend.
451 2241 480 2285 N.
496 2241 574 2286 Heius.
587 2265 618 2276 -
632 2241 685 2288 351.
699 2240 776 2286 tuleris
790 2251 813 2288 tu
826 2244 924 2289 exercito
934 2253 999 2308 pente
1014 2244 1064 2290 Put.
1079 2241 1173 2290 talisne
1187 2252 1254 2306 pente
1270 2245 1309 2287 0¹.

268 2311 341 2357 tulisti
349 2311 423 2356 excito
432 2316 497 2373 ponte
508 2306 565 2353 Tell.
579 2309 625 2370 ipso
640 2307 710 2354 tulisti
721 2313 817 2356 exercito
827 2321 893 2375 pente
904 2314 931 2358 R.
948 2328 972 2368 t,
985 2314 1058 2360 Pnrnr.
1072 2314 1135 2360 Med.
1149 2311 1177 2360 al.
1190 2313 1261 2372 Quom
1272 2325 1312 2374 pm

268 2391 289 2428 te
301 2381 398 2426 Cadmeo
415 2387 439 2425 tu
453 2380 550 2424 exeirito
560 2387 625 2442 prote
637 2378 708 2425 tulisti
721 2383 748 2426 n.
765 2396 786 2425 n.
802 2383 885 2428 Nottru
899 2381 967 2429 lectio
983 2385 1083 2445 primum
1094 2384 1209 2446 reperitur
1221 2383 1244 2426 in
1258 2379 1311 2426 edd.

268 2455 339 2500 Marri
349 2463 372 2497 et
382 2453 436 2498 ben.
449 2451 523 2510 Quom
533 2467 575 2512 pro
586 2451 611 2496 C.
627 2449 726 2497 tolerasti
736 2455 834 2498 eremite
844 2461 909 2516 qrnte
921 2469 949 2498 ex
960 2453 1051 2499 emend.
1063 2455 1091 2500 N.
1104 2455 1181 2500 fleine.
1192 2451 1263 2498 edidit
1272 2451 1312 2496 be·

268 2523 316 2570 feb.
328 2521 395 2586 prob,
406 2522 476 2568 Drak.
490 2523 542 2584 quie
556 2521 579 2566 in
591 2524 679 2584 seriptis
690 2523 817 2584 priscisque
829 2523 883 2568 edd.
897 2535 1014 2586 potuerna
1022 2539 1101 2571 versus
1113 2523 1184 2569 verbu
1195 2523 1240 2569 sint
1251 2535 1313 2567 ener-

268 2598 313 2641 cite
324 2602 403 2658 pente,
417 2605 440 2639 et
451 2591 547 2638 verbum
561 2589 612 2638 tulit
623 2593 693 2638 modo
703 2595 859 2654 precesserit,
872 2593 939 2654 cujus
950 2605 1025 2639 tamen
1038 2596 1198 2657 repetitionem
1209 2591 1232 2638 b.
1242 2591 1257 2638 Ι.
1268 2606 1314 2636 non

269 2665 436 2730 inprobandam
448 2681 511 2721 eree,
523 2663 571 2725 jam
583 2676 645 2712 recte
660 2666 748 2710 monuit
761 2665 814 2710 Ern.
825 2663 923 2711 Withof.
936 2663 999 2710 baud
1009 2664 1140 2721 dubitabat,
1152 2663 1229 2712 Silium
1241 2665 1314 2722 terip-

270 2741 325 2785 riue
335 2755 340 2785 ε
350 2753 419 2802 quom
426 2753 468 2802 pro
478 2736 575 2782 Cadmeo
585 2735 673 2781 subiisti
682 2739 780 2781 exereito
789 2745 862 2800 pente.
873 2761 904 2772 —
913 2735 966 2782 356.
978 2735 1103 2782 claudendo
1115 2751 1143 2782 er
1154 2739 1181 2781 n.
1196 2752 1222 2791 a,
1233 2735 1315 2780 omisso

269 2807 303 2872 τᾷ
315 2817 349 2865 et,
362 2822 474 2870 recepere
488 2805 568 2854 Leieb.
587 2818 610 2852 et
621 2808 675 2853 Ern.
689 2807 772 2862 Recte,
783 2807 877 2868 opinor.
891 2805 1030 2852 occludendo
1041 2805 1137 2868 putebat
1150 2807 1178 2851 N.
1195 2807 1274 2850 lieint.
1286 2827 1316 2840 ι-

271 2881 324 2944 357.
337 2895 376 2946 eqo
389 2878 429 2926 hot·
443 2889 530 2926 mutare
542 2881 637 2926 Peteon.
653 2893 692 2944 eqo
703 2875 743 2923 hee
757 2885 845 2923 murore
855 2879 881 2923 R.
897 2893 917 2924 n.
936 2893 977 2942 eqo
988 2881 1110 2934 inmutare,
1122 2876 1159 2923 vel
1172 2875 1220 2923 boee
1232 2885 1316 2921 metm

272 2953 355 3014 corrig.
368 2953 396 2997 N.
407 2953 485 2998 Heius.
497 2967 527 2996 ne
538 2953 655 3012 posterior
666 2949 715 3014 tyll.
728 2965 779 2996 roe.
792 2965 832 3012 eqo
842 2949 996 3012 producetur,
1008 2949 1072 3013 quod
1086 2961 1163 2996 umen
1176 2965 1224 2996 non
1235 2959 1317 3010 preter

273 3023 403 3086 exemplum
415 3025 566 3085 antiquitatis.
579 3035 625 3070 turn
641 3023 665 3067 in
681 3038 781 3078 cetura,
794 3036 863 3083 quarn
880 3034 943 3068 extre
954 3037 1006 3068 enm
1019 3023 1082 3076 fleri,
1096 3022 1186 3068 monuit
1197 3020 1266 3068 bruk.
1281 3030 1317 3074 et,

273 3109 333 3158 quot
343 3093 457 3149 laudavit.
470 3093 598 3140 Broekbut.
610 3095 641 3141 ed
649 3097 754 3156 Propere.
766 3097 791 3152 1,
802 3107 847 3141 vtn
854 3128 861 3151 ‚
874 3092 969 3152 31;1V,
982 3109 1015 3151 u,
1029 3093 1057 3152 3,
1069 3106 1092 3140 et
1102 3095 1169 3140 Voss.
1181 3097 1229 3139 Art
1240 3094 1316 3138 Gran.

275 3267 323 3322 79¹
350 3267 425 3322 seqq.
450 3251 507 3304 Neo
528 3253 643 3321 mirum,
666 3268 775 3326 poetam
819 3254 911 3323 finire,
932 3256 974 3308 vel
998 3253 1121 3321 efficere,
1141 3266 1171 3305 ut
1192 3251 1317 3306 debellati

274 3347 363 3396 nuno,
385 3332 412 3382 in
437 3342 511 3382 tento
535 3351 624 3384 rerunt
648 3333 775 3400 cordine,
821 3333 1317 3408 quiescentpooemquepetnnt;eonf.

274 3412 390 3464 Deorum
403 3411 555 3463 interventu
567 3414 615 3464 uti.
628 3441 663 3450 -
675 3413 736 3481 344.
752 3424 776 3466 te
819 3415 882 3467 Tne.
896 3417 963 3468 Eiet.
974 3418 1019 3481 1v,
1032 3417 1063 3480 3,
1072 3433 1114 3487 pr.
1125 3427 1151 3466 et
1163 3415 1253 3464 floret.
1264 3411 1318 3464 Od.

275 3492 368 3545 meotis
381 3491 586 3557 edomuimus,
599 3490 653 3544 rid.
667 3491 703 3544 ed
714 3495 774 3560 VH,
820 3497 865 3563 lv,
877 3513 934 3562 xiv,
950 3496 993 3550 52.
1007 3525 1039 3536 -
1052 3495 1112 3549 356.
1126 3492 1269 3546 cludenda
1283 3503 1320 3544 est

278 3589 325 3642 271
335 3611 343 3640 ‚
353 3585 379 3626 et
387 3571 460 3637 Xffl,
474 3571 534 3640 274.
545 3599 579 3609 -
590 3570 639 3639 347
653 3589 693 3642 sq.
702 3571 777 3641 fato·
813 3579 902 3649 janua
914 3576 976 3628 beili
987 3575 1105 3627 formula
1116 3593 1132 3626 u
1143 3575 1204 3626 tani
1218 3570 1317 3642 templo

277 3651 315 3703 lio
322 3669 402 3724 repon
412 3649 578 3716 Teucrorum,
586 3651 776 3720 Romanorum,
820 3656 919 3726 petito,
929 3655 984 3708 vid.
995 3657 1086 3728 Heyne
1096 3652 1131 3706 ed
1141 3654 1214 3726 Virg.
1225 3651 1282 3703 ΕΔ.
1292 3653 1318 3718 1,

278 3730 377 3800 quibus
390 3731 448 3782 fato
461 3727 623 3781 destinatum
637 3742 675 3782 eet
691 3731 776 3802 irnpe-
823 3751 902 3803 291...
918 3734 983 3805 296,
996 3731 1318 3798 inexc.tx,etndv11,

276 3811 347 3860 rium
365 3809 437 3861 orbis
455 3821 592 3862 terrerum.
607 3839 644 3852 -
657 3809 717 3865 352.
735 3813 775 3865 cf.
822 3813 875 3868 616
886 3831 925 3887 eq.

278 3907 374 3960 tnprn,
388 3891 413 3952 1,
428 3889 471 3960 37.
856 3891 908 3964 357
922 3911 978 3966 req.
993 3895 1090 3946 imitat.
1100 3893 1193 3965 virgil.
1209 3893 1267 3944 AEn.
1281 3891 1317 3956 X,

313 3967 374 4033 354.
389 3967 424 4018 bie
440 3977 542 4019 octonos
554 3963 648 4034 annor,
665 3972 736 4021 eonf.
750 3989 774 4020 v.
821 3973 869 4026 611
887 3991 943 4044 seq.
960 3971 1006 4024 ubi
1023 3972 1143 4024 similiter
1153 3974 1225 4026 Juno
1236 3970 1317 4022 Turni

273 4047 345 4110 332,
355 4055 381 4096 et
391 4043 426 4096 ed
435 4045 510 4112 xvl,
523 4047 581 4099 151.
591 4077 627 4088 -
637 4046 697 4101 3⁵5.
708 4065 776 4099 eom·
820 4065 932 4103 mortem
945 4051 1113 4123 deprocetur.
1129 4053 1210 4105 Recte
1221 4053 1316 4103 Ernes-

275 4143 372 4196 pooere
389 4135 508 4196 pontem
526 4139 614 4180 motus
633 4129 774 4180 Poenorum
821 4131 857 4181 ti:
873 4131 957 4184 «Non
972 4133 1029 4184 tino
1040 4132 1148 4204 ingenio
1158 4143 1185 4186 et
1197 4131 1317 4186 acumine
