2962 4646
485 371 799 438 PUNlCORUM
823 371 915 436 LlB.
938 373 1037 436 XIV.

238 510 400 576 Bellantes
413 513 505 577 curvi
516 511 663 600 rapiebat
675 511 709 576 iu
721 533 796 575 aera
808 510 887 574 ferri

239 619 428 707 Unguibus,
443 638 476 686 et
488 619 630 686 mediarn
642 636 793 684 revocata
806 619 931 684 ferebat
943 620 977 682 in
991 617 1114 686 urbem.

174 731 176 736 '
238 725 306 792 Nec
319 726 405 792 solos
418 730 466 794 vis
479 727 533 793 illa
545 728 647 806 viros,
661 727 742 816 quin
755 749 842 816 saepe
855 724 1024 790 triremem
1237 739 1281 788 ³25

238 830 406 919 Belligerae
418 855 556 921 rapuere
569 834 694 912 trabes,
707 855 811 923 quum
824 832 968 920 desuper
978 849 1088 897 acturn

237 935 430 1003 incuterent
441 941 545 1028 puppi
557 939 731 1030 chalybem
741 961 939 1026 morsusque
951 955 1092 1004 tenaces.

236 1043 315 1126 Qui,
330 1046 426 1110 sinrul
435 1045 544 1112 adfixo
557 1047 708 1113 vicina'in
717 1047 841 1112 'robora
853 1046 941 1111 ferro

235 1145 440 1216 Sustulerant
451 1151 592 1217 sublime
605 1168 707 1217 ratem
719 1152 923 1237 (miserabile
935 1151 1058 1236 visui),

235 1251 298 1318 Per
309 1255 456 1321 subitum
468 1281 580 1324 rursus
592 1257 705 1324 laxatis
717 1275 786 1324 arte
800 1259 923 1324 catenis

235 1360 340 1426 Tanta
353 1363 556 1451 praecipitem
567 1363 752 1430 reddebant
762 1364 851 1429 mole
865 1363 1048 1454 profundo,

237 1465 283 1529 Ut
294 1483 397 1532 totum
409 1469 579 1534 haurirent
591 1469 689 1535 undae
702 1493 778 1534 cum
789 1470 894 1534 milite
907 1492 1066 1558 puppem.

282 1573 342 1636 His
355 1595 454 1661 super
466 1571 592 1639 insidiis
603 1590 741 1663 angusta
754 1574 916 1642 foramina
928 1599 1042 1642 murus
1060 1605 1065 1636 t

236 1681 316 1742 Arte
328 1696 439 1744 cavata
452 1678 563 1758 dabat,
577 1704 638 1768 per
650 1705 724 1774 qnae
737 1681 943 1748 confundere
955 1683 1020 1747 tela

237 1783 363 1848 Tutum
375 1800 456 1863 erat,
470 1785 622 1873 obposito
635 1787 842 1852 mittentibus
853 1809 972 1876 aggere
985 1786 1071 1852 valli.
1238 1799 1282 1848 335

236 1887 305 1953 Nec
317 1887 388 1953 sine
400 1886 517 1953 fraude
529 1889 636 1971 labos,
649 1907 718 1955 arta
731 1913 773 1955 ne
786 1913 898 1957 rursus
911 1890 1031 1957 eodem

264 2055 318 2103 325.
330 2059 365 2103 urs
377 2055 424 2104 ott«
436 2058 484 2105 Col.
502 2063 542 2105 vix
556 2059 610 2115 illo,
622 2062 677 2126 quin
690 2077 709 2108 r.
725 2070 741 2107 t.
762 2063 814 2107 Pur.
831 2063 878 2108 Nec
892 2061 953 2109 solos
960 2061 1042 2124 fixum
1056 2063 1115 2108 vr'ros
1127 2060 1287 2122 suspicabatur

233 2129 262 2174 N.
277 2129 356 2176 Heins-
367 2155 398 2166 -
408 2129 461 2193 3²7·
478 2135 552 2179 tenaci
564 2133 613 2179 Col.
622 2159 655 2170 -
664 2133 717 2190 334.
729 2133 887 2198 cnmfundere
895 2133 944 2182 Col.
955 2133 1119 2197 clomfimdere
1129 2134 1190 2194 conj.
1205 2135 1284 2179 Burni.

234 2212 257 2245 ct
269 2203 355 2264 recepit
366 2201 447 2249 beleb.
462 2205 546 2261 Recte,
558 2216 625 2267 puto.
640 2207 676 2252 Sic
687 2209 711 2252 in
723 2205 776 2252 loco
788 2207 857 2262 Livii,
870 2221 941 2268 quern
954 2208 976 2252 in
989 2208 1050 2254 notis
1062 2204 1219 2261 laudavimus,
1229 2220 1284 2268 pars

233 2273 332 2332 sopistis,
347 2287 401 2334 porr
415 2273 565 2336 scorpionibus
578 2289 611 2320 ex
620 2275 707 2324 ooenlto
720 2275 828 2339 petebant
840 2275 932 2324 lutam.
945 2302 977 2313 -
989 2275 1042 2324 335.
1057 2276 1157 2340 adposito
1168 2277 1220 2322 Put.
1235 2290 1283 2322 non

234 2341 333 2402 improb.
348 2343 419 2389 Dral.
435 2341 460 2390 rit
473 2345 575 2406 positum
588 2348 617 2393 sit
629 2363 674 2410 pro
689 2350 777 2405 vicino,
790 2350 909 2410 proximo,
924 2348 953 2394 de
966 2363 1013 2410 quo
1024 2347 1072 2393 rid,
1087 2349 1190 2394 Gronov.
1202 2345 1232 2394 ad
1242 2348 1281 2391 Se·

234 2424 285 2456 nce.
295 2413 366 2474 Epist.
377 2414 417 2459 lv.
424 2439 456 2450 -
463 2415 517 2462 336.
529 2419 588 2462 lura
596 2419 643 2464 sine
652 2421 732 2480 prisce
742 2418 795 2466 edd
806 2421 862 2465 llos
873 2429 930 2466 orto
937 2421 979 2466 νέω
987 2417 1087 2466 malebat
1095 2421 1124 2465 N.
1135 2419 1213 2464 lleint.
1225 2428 1249 2463 et
1258 2432 1281 2461 vt

237 2561 279 2600 tur
288 2551 376 2621 ferreo
392 2575 497 2620 mortun
513 2560 606 2632 Polyb.
621 2563 735 2628 v111‚8,
780 2562 907 2634 to,apnd
919 2562 975 2614 niv.
985 2561 1123 2626 cubitalia,
1136 2563 1281 2640 introrsnns

236 2628 285 2696 κᾶν
297 2633 378 2700 'M
390 2633 416 2698 ἶέ
426 2633 525 2692 nisime
536 2637 735 2704 drimirrePlut.
780 2659 844 2698 vero
859 2641 969 2694 laxiora.
981 2643 1027 2694 Eu.
1036 2639 1138 2692 -330.
1152 2639 1204 2690 Per
1212 2638 1284 2691 subc

238 2707 265 2757 in
275 2710 405 2763 Marcello
417 2709 435 2762 l.
445 2733 468 2764 c.
478 2715 551 2781 χιίμς
564 2718 674 2778 armatii
686 2715 737 2770 ori-
782 2733 853 2780 tum,-
866 2740 892 2770 v.
905 2721 940 2771 ad
953 2721 1014 2783 Vll,
1027 2718 1087 2787 527.

234 2807 306 2851 paro
315 2787 440 2852 riuepire
448 2789 562 2860 punirer,
574 2809 601 2848 et
611 2797 737 2871 boepoyov
816 2798 877 2853 33³.
889 2795 1077 2860 Archimedes,
1100 2809 1151 2846 unt
1168 2798 1209 2848 sni
1220 2795 1282 2847 vul-

237 2885 280 2920 πα
292 2866 360 2920 aliis.
368 2899 403 2908 -
411 2889 502 2943 cypero
513 2877 598 2944 muri,⁸
608 2895 633 2929 v.
644 2877 679 2930 ad
687 2877 735 2930 lib.
781 2896 845 2930 nare
857 2877 950 2930 intacti
960 2876 1013 2929 tela
1025 2874 1167 2927 in-bostetn
1180 2877 1291 2946 ingere--

238 2949 263 3014 l,
276 2947 336 3002 265.
780 2969 853 3023 tent,
869 2975 975 3010 murum
990 2955 1024 3008 ab
1036 2957 1091 3008 imo
1103 2953 1138 3006 od
1149 2973 1281 3008 summum

270 3026 331 3080 323.
342 3024 490 3097 Belhnter,
498 3031 594 3084 milites
602 3053 616 3086 e
624 3035 738 3090 navibus
781 3037 881 3090 crebris
891 3033 1052 3088 cubitalibus
1064 3036 1121 3088 lere
1133 3037 1205 3086 cavis
1216 3053 1282 3106 ape-

236 3104 363 3178 adreptus
370 3107 450 3160 Silius
460 3107 495 3162 de
504 3127 554 3162 suo
564 3112 683 3166 addidit:
696 3116 745 3166 Li·¹
781 3118 848 3182 ruit,
867 3135 916 3186 per
935 3133 993 3186 que
1011 3131 1076 3167 cava
1088 3132 1150 3184 pars
1163 3115 1281 3186 raptus,

234 3188 269 3237 vii
281 3189 400 3240 narratio
415 3188 450 3240 ad
463 3205 660 3246 nares-tantum
673 3213 737 3246 con·
780 3213 841 3267 pars
859 3193 1046 3266 scorpionibus
1065 3193 1177 3246 modicis
1192 3213 1226 3247 err
1236 3213 1283 3247 cc-

234 3279 322 3336 reptas
335 3280 362 3318 et
371 3268 399 3318 in
412 3286 485 3322 mare
499 3269 647 3342 depressas
654 3275 736 3345 porti·
781 3273 853 3327 culto
867 3274 994 3346 potebant
1006 3274 1142 3327 hortem.»
1157 3276 1211 3326 biv.
1225 3272 1241 3324 l.
1257 3294 1281 3326 c.-

235 3359 293 3412 net,
313 3365 394 3417 quarn
407 3361 502 3419 poeta,
513 3367 564 3402 ναι.
577 3352 657 3404 326...
670 3352 736 3417 330,
780 3355 822 3409 Cf.
833 3354 924 3428 Polyb.
934 3355 1007 3420 Vlll,
1017 3371 1048 3423 7,
1058 3355 1150 3426 ibique
1161 3354 1243 3408 Scbw.
1255 3369 1281 3406 et

235 3425 384 3480 luculenter
403 3441 429 3480 et
448 3427 563 3500 eleganti
580 3445 677 3484 ornatu
692 3451 735 3484 exa
780 3435 848 3488 Plut.
868 3435 886 3486 l.
903 3433 1281 3507 l..111'soaperimtdits;conl;

235 3507 344 3574 pressit;
359 3507 472 3560 Ernesti.
486 3507 539 3562 Sed
552 3514 675 3584 congruit
687 3515 736 3564 Po-
781 3514 851 3579 adl,
863 3515 898 3567 60
908 3517 935 3567 in
946 3517 1007 3568 Ver.
1018 3515 1104 3576 beet,
1117 3512 1210 3584 virgil.
1222 3515 1280 3566 AEnr

235 3583 336 3656 lybias,
355 3605 387 3638 ox
406 3605 459 3658 qno
478 3587 568 3642 Livius
589 3592 670 3644 etiam
688 3611 737 3644 sua
781 3593 906 3662 1X,534.

235 3660 337 3730 hausit,
348 3665 395 3718 lib.
404 3667 477 3734 Vlll,
487 3687 510 3720 c.
521 3684 554 3737 9:
569 3671 623 3722 oie
631 3669 703 3737 dalye
712 3669 737 3722 ll
817 3676 878 3742 334.
890 3674 1050 3746 confundere
1062 3674 1126 3740 ulo,
1135 3693 1185 3746 pro
1193 3675 1281 3746 simpl.

236 3743 275 3794 sei
292 3747 346 3802 reis
362 3746 427 3818 xtpoi
445 3748 498 3804 seir
517 3751 542 3800 iz
560 3752 606 3804 τᾶν
622 3753 737 3817 μιχαιὸι
782 3754 909 3820 fundere,
924 3755 1005 3808 Dralt.
1019 3755 1060 3808 vel
1070 3755 1128 3808 sine
1140 3753 1284 3826 ordineja·

237 3823 397 3881 imoim-
409 3827 449 3882 eii
459 3831 538 3886 adroic
548 3827 595 3898 γὰρ
603 3832 651 3888 oric
660 3831 738 3888 irrisu:
783 3853 858 3901 cere,
873 3837 963 3888 burm.
980 3837 1027 3906 qni
1040 3849 1130 3888 tamen
1141 3851 1283 3906 perperam

236 3901 287 3960 rsit
307 3905 391 3973 ἄνδρα
411 3908 550 3979 leofsinus
566 3911 691 3980 ι’ῥρίπουι.
703 3942 740 3953 -
785 3915 890 3965 confert
902 3917 993 3966 Horat.
1005 3915 1058 3968 Od.
1073 3917 1099 3980 1,
1111 3929 1181 3979 xrrr,
1195 3915 1241 3977 23,
1257 3923 1284 3962 et

237 3999 333 4036 monus
345 3997 459 4050 tenuem
470 3991 506 4042 cf.
518 3990 553 4042 ad
566 3992 626 4056 Vll,
636 3990 739 4057 694-
784 3991 844 4045 vat.
853 3993 892 4045 Fl.
903 3988 935 4059 V,
946 3994 1066 4060 581,u1›i
1077 4011 1102 4043 r.
1113 3995 1169 4061 ejus
1177 4001 1233 4041 not.
1241 3989 1282 4040 (Υ-

235 4065 503 4136 anqustoforamino,
523 4088 568 4140 ap.
586 4072 642 4123 Liv.
657 4089 721 4122 cavo
728 4109 737 4136 ,
784 4077 847 4125 Ver.
859 4075 932 4126 Lset.
942 4103 978 4115 -
987 4073 1048 4128 335.
1061 4088 1154 4144 uppem
1168 4064 1246 4125 oallir
1258 4083 1283 4116 v-

236 4139 331 4211 gallice
341 4145 518 4210 meurtrieres,
524 4150 686 4204 extrinsecus
700 4169 741 4202 or-
785 4150 819 4204 od
831 4154 858 4219 1,
871 4151 929 4206 265.
