2930 4644
282 375 346 455 με
478 397 481 404 ,
612 374 987 472 conuanrarro

280 527 355 576 natu
373 511 450 574 elata
469 516 547 592 sint3
569 514 628 578 alia
650 515 803 578 inmodico
827 531 947 579 tumore
967 531 1155 601 turgescant,
1174 535 1203 581 et
1224 519 1354 582 otiosis

277 601 426 678 versibus,
438 617 598 689 tamquam
610 605 742 684 laciniis,
753 605 884 683 edentis,
896 607 1059 691 multiplici
1072 609 1253 685 verborum,
1265 631 1352 670 sen·

278 691 458 769 tentiarum,
476 695 710 777 imaginumque
721 696 904 774 variatione,
924 699 1013 758 meris
1027 696 1190 780 phrasibus
1204 698 1346 781 poeticis

279 790 309 838 et
322 799 404 841 vano
416 782 617 866 exaggerandi
628 783 729 844 cnidio
741 781 889 865 frigeant3
908 785 966 845 alia
978 785 1111 868 denique
1124 788 1218 847 nimis
1229 783 1345 848 subti-

279 862 334 942 lia,
353 881 474 948 arguta,
493 870 793 952 ludicra,'languida
812 885 842 932 et
860 874 964 934 tenuia
979 872 1153 936 videantur.
1165 875 1206 934 Ut
1221 873 1343 956 paucis

280 977 345 1016 rem
361 956 533 1037 absolvam,
552 960 612 1022 alia
627 981 776 1042 magnum
792 973 913 1043 ροεῐεηι
928 962 1051 1040 decent,
1070 962 1131 1024 alia
1149 975 1222 1023 sunt
1236 962 1341 1022 luxu·

280 1047 385 1106 riantis
404 1049 531 1131 ingenii,
547 1050 634 1134 cujus
649 1051 728 1112 vires
743 1051 777 1110 in
796 1051 926 1112 aliorum
945 1054 1058 1131 verbis,
1076 1053 1187 1130 modis,
1203 1051 1339 1133 figuris,

280 1132 466 1216 imaginibus
479 1151 509 1199 et
523 1138 677 1200 sententiis
685 1138 842 1200 variandis
852 1140 982 1222 turpiter
996 1140 1188 1202 adtemntur.
1201 1141 1277 1200 llaec
1290 1153 1341 1199 est

280 1222 331 1284 illa
349 1224 434 1307 copia
452 1241 482 1288 et
498 1227 619 1288 ubertas
636 1227 818 1304 verborum,
837 1227 889 1289 illa
907 1231 1054 1291 orationis
1067 1230 1214 1303 luxuries,
1232 1249 1338 1310 quam

228 1358 232 1365 ,
280 1313 386 1393 saepius
404 1313 543 1395 quidem,
565 1335 620 1377 nec
633 1329 736 1378 tamen
756 1316 859 1390 toties,
878 1317 995 1398 quoties
1010 1331 1165 1402 poteram,
1185 1316 1220 1376 in
1239 1317 1339 1376 Com-

280 1404 429 1464 mentario
441 1405 559 1480 notavi,
571 1405 717 1487 quoniam
729 1427 797 1465 eam
809 1404 1034 1488 deprehendere
1045 1427 1109 1468 non
1120 1406 1195 1468 adeo
1207 1427 1336 1486 magne

279 1488 424 1552 doctrinae
438 1493 603 1575 magnique
617 1495 767 1554 acuminis
781 1507 839 1569 est,
858 1509 887 1554 et
896 1492 1049 1575 juvenum
1067 1497 1167 1577 potius
1174 1493 1335 1576 judicium

280 1579 501 1662 ingeniumque
518 1582 551 1642 in
563 1603 597 1642 ea
610 1603 643 1642 re
653 1601 787 1642 exercere
802 1580 892 1642 soleo.
912 1583 1109 1664 Quamquam
1124 1603 1197 1642 vero
1213 1602 1334 1642 sermo·

280 1685 352 1724 nem
367 1681 574 1750 ornatumque
588 1669 740 1753 poeticum
756 1667 821 1728 Silii
834 1669 974 1730 universe
992 1669 1079 1730 nobis
1094 1689 1157 1728 non
1173 1669 1244 1728 satis
1256 1689 1334 1750 pro-

280 1750 348 1811 bari
363 1754 569 1831 concedimus3
581 1769 685 1818 nmen
697 1755 764 1816 aliis
777 1775 808 1815 se
818 1755 998 1832 virtutibus,
1013 1757 1110 1838 iisque
1122 1776 1187 1815 tion
1199 1757 1333 1836 exiguis,

282 1841 371 1904 nobis
385 1847 592 1922 commendat,
607 1867 676 1929 quae
689 1867 753 1907 non
767 1859 841 1906 sunt
853 1845 1095 1922 dissimulandae,
1110 1867 1149 1907 ne
1163 1846 1332 1928 iniquiores

281 1929 315 1989 in
329 1929 524 2012 dijudicando
535 1935 703 1996 videamur.

653 2113 854 2192 SECTIO
881 2113 957 2190 111.

368 2277 419 2342 De
428 2269 608 2370 praestantia
620 2287 767 2348 carminis
778 2281 905 2364 Siliani,
919 2295 949 2348 et
961 2280 999 2346 de
1010 2279 1142 2348 utilitate
1156 2303 1196 2346 ex
1207 2303 1245 2348 eo

724 2390 885 2483 capienda.

323 2556 391 2618 Non
408 2557 552 2635 defuisse,
567 2560 621 2642 qui
638 2560 676 2621 de
691 2561 827 2623 carmine
843 2573 946 2623 nostru
962 2559 1054 2622 nimis
1069 2557 1229 2620 humiliter
1240 2559 1328 2619 senti·

284 2656 365 2721 rent,
372 2644 438 2727 jam
450 2668 541 2730 supra
554 2650 662 2709 monui
674 2649 746 2708 Scct
761 2649 788 2709 ll
802 2670 848 2730 pr.
860 2650 977 2709 Eorum
988 2663 1092 2708 tamen
1100 2645 1215 2728 judicia
1227 2647 1327 2706 minus

235 2759 238 2766 ·
283 2755 334 2794 me
347 2748 485 2814 movent,
499 2757 595 2818 quam
611 2737 657 2798 Ill.
670 2738 804 2814 Ernesti,
818 2739 872 2819 qui
886 2759 951 2799 non
966 2736 1058 2798 modo
1073 2738 1106 2798 in
1120 2735 1326 2818 disquisitione

283 2823 321 2883 de
333 2824 469 2886 carmine
482 2825 610 2901 Siliano,
623 2823 673 2885 sed
687 2847 740 2908 per
753 2838 853 2886 totum
869 2826 960 2886 etiam
977 2823 1248 2896 commentarium,
1264 2835 1322 2882 tam

285 2933 422 2974 severum
438 2936 469 2976 se
488 2913 759 2998 vehementemque
776 2916 808 2976 in
825 2915 932 2976 Silium
948 2914 1094 2998 praebuit,
1110 2926 1146 2973 ut
1162 2909 1324 2971 admodum

285 3021 381 3082 pauca
394 3000 468 3077 sint,
486 3023 554 3082 quse
567 3003 623 3085 ipsi
638 3003 791 3086 placeant,
804 3016 898 3085 utque
913 3003 1045 3078 mireris,
1062 3000 1136 3081 quid
1151 3019 1249 3060 causte
1262 2997 1323 3058 lue·

285 3089 338 3162 rit,
354 3109 449 3168 quare
464 3087 519 3149 Vir
534 3089 721 3152 doctissimus
738 3089 777 3150 ad
792 3089 946 3151 edendum
964 3087 1244 3168 illustrandumque
1258 3105 1322 3168 poc-

282 3191 361 3250 tam,
371 3173 409 3233 dc
419 3195 480 3256 quo
494 3187 557 3235 tam
572 3175 685 3260 abjecte
698 3178 939 3259 contemtimque
946 3177 1108 3260 judicaret,
1121 3175 1262 3235 animum
1274 3173 1321 3234 ad·

279 3259 397 3348 jecerit,
408 3281 463 3322 nec
476 3264 574 3344 potius
585 3285 723 3347 operam,
733 3267 814 3328 ineo
825 3280 1034 3342 consumtam,
1047 3263 1223 3346 ingeniique
1234 3263 1323 3323 aciem

285 3343 325 3409 ad
336 3347 432 3409 alium
443 3351 620 3434 scriptorem
631 3351 830 3414 transtulerit.
843 3355 908 3434 Ego
920 3351 1045 3432 quidem
1058 3372 1124 3412 non
1139 3351 1164 3411 is
1176 3371 1259 3426 sum,
1274 3349 1322 3432 qui

283 3461 348 3501 non
367 3461 445 3522 saepe
464 3457 584 3524 poetam
603 3457 726 3526 propter
744 3443 876 3503 nimium
894 3441 1035 3506 imitandi
1053 3440 1189 3502 studium
1209 3439 1321 3522 lapsum

284 3551 345 3591 esse
357 3528 504 3607 diffitear,
516 3545 545 3591 et
556 3532 589 3590 in
601 3533 686 3590 Notis
698 3531 809 3610 passim
821 3531 944 3608 monui,
956 3551 1025 3614 quae
1037 3527 1270 3612 reprehensione
1282 3527 1320 3588 di·

284 3641 345 3702 gna
366 3619 559 3680 videbantur.
581 3619 636 3680 Sed
658 3618 737 3679 idem
759 3641 816 3702 ego
837 3619 941 3703 plura,
961 3641 1031 3702 quae
1053 3618 1176 3702 probes,
1199 3617 1320 3678 carmini

215 3699 220 3710 ⁸
284 3709 379 3769 inesse
390 3707 549 3768 contendo.
562 3709 607 3766 De
617 3709 792 3788 argumenti
801 3706 933 3785 deleam,
946 3721 975 3769 et
986 3707 1024 3769 de
1035 3708 1166 3781 ratione,
1178 3725 1240 3786 qua
1252 3703 1319 3764 illud

284 3795 373 3858 Silius
383 3798 569 3872 tractaverit,
581 3795 654 3877 quid
667 3797 863 3858 statuendum
875 3819 1028 3874 censeam,
1037 3797 1102 3881 jam
1114 3791 1205 3878 supra
1218 3795 1321 3877 profes·

285 3905 333 3945 sus
345 3905 423 3944 sum.
436 3883 525 3960 Quod
541 3905 609 3944 vero
623 3885 660 3944 ad
675 3887 772 3968 ipsam
784 3907 906 3970 quoque
917 3885 1038 3969 Virgilii
1055 3885 1250 3964 ahorumque
1262 3883 1319 3942 imi·

284 3974 445 4046 tationem,
461 3986 490 4033 et
505 3973 654 4052 poeticum
670 3989 814 4036 ornatum
829 3977 960 4051 adtinet,
977 3989 1064 4058 poeta
1077 3974 1175 4054 magis
1186 3992 1319 4032 excusan-

285 4059 359 4130 dus,
385 4077 478 4136 quem
504 4075 658 4122 contemtu
678 4079 836 4146 propterea
859 4064 971 4146 dignus
993 4065 1122 4124 videtur.
1146 4062 1222 4120 Satis
1247 4063 1318 4122 enim

226 4232 231 4247 .
286 4141 474 4204 confidenter
485 4143 648 4210 adfirmare
657 4151 770 4226 ausim,
782 4152 1021 4234 prestantiorem
1032 4171 1104 4212 eum
1116 4161 1238 4231 poetam
1248 4149 1320 4210 futu·
