2930 4644
332 403 396 467 na
418 401 536 468 snm
560 401 674 465 vira
697 399 758 464 nr
781 343 1009 469 utuntur.
1130 405 1191 490 lu

152 521 375 618 alteraautem,
387 555 548 625 tamquam
559 544 783 617 Romanorum,
802 543 896 604 tutela
910 543 1058 607 constanti
1073 559 1102 606 et
1115 551 1194 629 prae-¹

151 631 242 713 cipua
254 630 403 712 religione
414 630 592 709 colebatur(
611 632 630 710 ).

192 721 304 782 Sedne
322 741 401 782 caeco
417 721 553 803 quodam
570 733 669 803 poetae
686 721 746 780 mei
764 741 868 781 amore
883 735 989 804 captus
1008 723 1084 784 nihil
1102 725 1141 784 ab
1160 745 1196 784 eo

154 823 310 890 peccatum
335 831 396 870 esse
416 808 615 884 contendere,
642 807 687 868 vel
708 829 776 868 eam
799 809 838 868 ob
861 830 1001 886 causam,
1026 811 1108 892 qnod
1134 810 1197 892 ejus

153 895 261 957 edendi
275 897 438 958 consilium
452 899 598 980 ceperim,
613 897 685 956 vitia
699 895 762 977 ejus
778 896 983 959 dissimulasse
1000 898 1118 972 videar,
1137 899 1197 979 pri-

152 1007 241 1046 mum
255 1007 318 1050 non
333 986 479 1064 diffiteor,
498 989 600 1070 ipsum
613 988 788 1068 argumenti
806 986 973 1064 delectum,
992 1009 1055 1048 non
1074 987 1198 1068 quidem

152 1089 310 1156 propterea
322 1076 403 1158 quod
416 1075 491 1136 illud
504 1097 607 1136 recens
619 1076 671 1150 sit,
690 1073 737 1133 vel
751 1072 944 1150 historicum,
963 1089 993 1136 et
1006 1076 1045 1134 ab
1060 1074 1126 1134 aliis
1135 1075 1200 1156 jam

153 1166 323 1247 perspicue,
336 1166 490 1247 eleganter
502 1178 531 1225 et
543 1178 682 1226 accurate
692 1178 871 1240 tractatum,
883 1165 934 1226 sed
947 1166 1032 1245 quod
1046 1166 1138 1225 nimis
1150 1185 1201 1247 pa·

152 1264 215 1312 teat
229 1255 381 1338 nimisque
401 1255 460 1316 late
472 1255 576 1315 fusum
596 1255 648 1329 sit,
668 1269 734 1314 non
753 1257 823 1314 satis
842 1253 920 1313 mihi
940 1253 1138 1336 probandum
1156 1253 1201 1312 vi·

153 1341 226 1402 deri.
248 1346 367 1406 Deinde
386 1344 533 1418 concedo,
554 1342 641 1403 illam
659 1355 796 1404 veterum
817 1357 993 1426 poetarum,
1012 1343 1133 1425 Virgilii
1154 1341 1202 1400 in-

155 1430 274 1509 primis,
294 1433 511 1505 imitationem,
533 1429 682 1510 illumque
700 1442 765 1491 tarn
783 1452 900 1506 rerum,
921 1451 1015 1514 quam
1037 1431 1202 1491 verborum

155 1529 300 1578 ornatum
313 1517 461 1599 ejusmodi
475 1539 551 1592 esse,
564 1531 599 1577 ut
613 1537 676 1578 non
688 1517 826 1578 dubitem
840 1520 941 1580 Plinio
953 1519 1132 1600 suffragari,
1150 1517 1206 1599 qui

156 1603 264 1663 Silium
279 1604 388 1688 majore
401 1627 485 1684 cura,
504 1628 593 1688 qttam
608 1609 725 1688 inpenio
739 1611 873 1668 connino
886 1612 1027 1690 scripsisse
1035 1608 1203 1690 judicabat.

155 1693 239 1772 Saepe
252 1695 336 1753 enim
351 1695 481 1755 imitatio
497 1695 548 1754 illa
563 1695 654 1755 nimis
669 1695 783 1754 servilis
798 1710 842 1756 est
854 1697 902 1757 vel
915 1696 1079 1774 adfectata,
1095 1712 1124 1758 et
1138 1719 1203 1758 ma·

156 1803 218 1864 gna
236 1803 305 1863 pars
323 1805 447 1860 eorum,
466 1807 535 1866 quae
553 1805 587 1844 ex
604 1784 671 1844 aliis
689 1785 798 1867 poetis,
816 1787 949 1846 Homem
968 1788 1157 1869 potissimum
1175 1801 1204 1849 et

156 1873 298 1948 Marone,
319 1896 455 1957 expressa
478 1888 531 1936 aut
552 1875 734 1935 adumbrata
759 1877 944 1957 reperimus,
966 1878 1006 1936 ita
1028 1892 1205 1960 comparata

156 1979 215 2039 est,
230 1979 264 2024 ut
277 1987 341 2025 non
355 1979 418 2026 tarn
431 1968 462 2027 in
475 1968 581 2028 eadem
594 1964 823 2049 phantasmata,
836 1971 897 2028 sive
908 1971 1070 2030 sententias
1085 1983 1114 2030 et
1124 1971 1205 2032 dicta

156 2053 297 2113 incidisse
307 2055 474 2115 censendus
485 2056 536 2130 sit,
549 2055 613 2136 ipsa
625 2055 667 2114 rei
679 2053 878 2114 similitudine
890 2057 1070 2116 memoriam
1080 2079 1205 2133 eorum,

157 2163 226 2224 quae
241 2163 274 2200 ex
291 2137 419 2224 pristina
433 2142 562 2204 lectione
576 2146 609 2202 in
624 2155 727 2202 ruente
740 2141 907 2218 haeserant,
921 2159 1096 2222 revocante,
1110 2167 1206 2228 quam

156 2241 192 2289 ut
206 2231 306 2310 potius
322 2252 356 2289 ex
374 2229 525 2290 industria
541 2243 571 2289 et
587 2229 726 2288 imitandi
742 2230 842 2290 studio
859 2253 970 2313 parurn
984 2233 1088 2292 subtili
1103 2254 1137 2292 ea
1151 2232 1205 2292 ad·

157 2320 276 2379 scivisse
289 2333 381 2400 atque
392 2319 560 2400 adripuisse
572 2318 668 2378 videri
684 2319 785 2401 possit.
804 2320 911 2379 Ubivis
922 2319 986 2381 fere
999 2319 1100 2381 dedita
1114 2343 1206 2403 opera

158 2409 322 2489 seduloque
348 2422 529 2470 ornamenta
553 2423 699 2482 sectatur,
727 2421 756 2468 et
780 2411 854 2469 artis
876 2409 1086 2494 doctrinaque
1106 2425 1207 2472 osten·

159 2497 261 2556 tandae
277 2497 474 2577 cupiditatem
489 2494 599 2578 prodit.
615 2497 732 2554 Passim

300 2617 467 2684 Purpureus,
476 2617 529 2668 late
541 2617 585 2688 qui
597 2615 751 2686 splendeat,
763 2632 831 2666 unus
842 2628 869 2666 et
879 2617 947 2666 alter

302 2694 546 2766 Adsuiturpannns
549 2733 595 2744 .....

305 2771 356 2824 sed
365 2791 437 2825 nunc
448 2793 502 2826 nou
512 2785 569 2826 erat
578 2773 619 2825 his
629 2771 705 2825 locus
709 2809 755 2823 .....

164 2879 327 2954 Luxuriat,
347 2895 381 2938 ut
393 2879 476 2954 vitis,
489 2875 573 2960 cujus
591 2875 714 2938 frondes
728 2897 923 2960 supervacua
939 2897 1001 2936 non
1017 2899 1213 2961 compescun-

163 2981 229 3040 tur,
244 2979 287 3039 ct,
300 2963 406 3026 ferocis
420 2965 490 3046 equi
504 2966 614 3040 instar,
628 2985 749 3024 summo
765 2963 948 3048 plerumque
967 2964 1083 3046 impetu
1102 2963 1214 3042 fertur,

163 3077 263 3138 neque
275 3053 410 3114 habenas
422 3053 521 3127 audit,
534 3053 584 3113 sed
600 3051 724 3134 ingenio
736 3052 915 3134 indulgens,
929 3073 985 3114 nec
1000 3053 1143 3130 modum,
1158 3077 1213 3116 nec

162 3149 314 3208 rationem
335 3159 448 3218 servat,
462 3145 534 3226 quia
549 3163 668 3226 semper
685 3143 851 3223 elegantias
865 3141 1009 3218 adfectat,
1027 3144 1214 3206 etdoctrinae

161 3229 281 3320 copias,
302 3236 394 3295 etiam
419 3235 472 3294 ubi
491 3234 619 3293 minime
639 3236 794 3316 congruit,
814 3255 989 3316 expromere
1007 3249 1144 3294 conatur.
1167 3230 1215 3296 Ab

163 3325 221 3386 hoc
241 3323 337 3384 nimio
356 3337 384 3383 et
403 3343 542 3405 perverso
561 3321 702 3380 imitandi
723 3319 822 3382 studio
841 3324 933 3381 etiam
953 3322 1086 3405 profecta
1105 3337 1149 3384 est
1164 3325 1212 3384 in·

164 3412 321 3494 aequalitas
340 3412 530 3492 varietasque
551 3410 698 3470 sermonis
718 3409 844 3492 poetici,
864 3432 926 3491 qno
950 3409 1119 3493 plurimum
1143 3411 1214 3472 Silio
1264 3421 1265 3424 ’
1311 3425 1315 3434 ’

165 3514 286 3584 praestat
302 3498 464 3580 Virgilius,
488 3499 520 3559 in
545 3497 631 3581 cujus
650 3498 772 3557 AEnei'de
792 3500 897 3558 omnia
919 3496 979 3559 fere
1000 3512 1073 3558 stant
1091 3499 1214 3576 limata,

167 3591 307 3668 castigata
325 3603 353 3648 et
366 3589 536 3662 naturalia,
552 3587 759 3670 mirabilisque
773 3586 886 3663 cultus,
902 3588 998 3662 nitor,
1013 3602 1153 3663 ornatus,
1169 3589 1214 3648 di-

166 3678 281 3759 gnitas,
294 3678 438 3757 gravitas,
452 3680 632 3760 castitasque
647 3678 680 3736 in
694 3697 814 3736 summa
830 3677 1013 3760 proprietate
1026 3691 1056 3736 et
1069 3677 1213 3760 simplici·

166 3779 228 3827 tate
240 3781 384 3827 servatur.
395 3769 431 3826 ln
447 3783 550 3828 nostro
565 3780 671 3828 contra
683 3765 831 3840 carmine,
845 3765 941 3826 oratio
953 3779 1017 3824 tarn
1030 3788 1141 3848 parum
1153 3767 1213 3830 sibi

168 3865 299 3928 tuirstat,
318 3854 428 3914 utalia
448 3855 699 3937 phantasmatum
718 3854 863 3914 suavitate
879 3876 913 3913 ac
932 3853 1117 3915 sublimitate
1134 3855 1212 3917 dele·

167 3955 265 4018 ctent,
281 3954 311 4001 et
324 3963 394 4000 cum
411 3965 523 4024 magno
536 3945 659 4027 spiritu,
677 3965 729 4003 ore
745 3963 814 4002 vere
827 3944 944 4024 poetico
959 3957 988 4004 et
1002 3944 1149 4024 exquisito
1163 3966 1212 4003 or-

203 4103 243 4176 (1)
253 4103 290 4154 Dc
302 4105 407 4155 lunone
418 4102 470 4156 vid.
482 4107 554 4177 Vrrg.
566 4107 623 4159 AEn.
640 4109 668 4174 l,
712 4103 783 4177 Synt.
796 4105 832 4168 ll,
846 4121 892 4171 ta,
908 4103 1053 4158 dellenere
1067 4103 1170 4153 Lucret.
1187 4101 1214 4165 l,

169 4195 229 4240 ta...
244 4183 292 4252 3³,
309 4195 336 4237 et
352 4181 456 4238 Selden.
475 4182 509 4237 de
523 4185 580 4240 Diis
598 4186 668 4257 Syris
712 4201 753 4256 pr.
767 4197 793 4235 et
806 4183 881 4237 alios.
