2930 4644
257 317 322 406 uc
591 313 971 382 connnurnrro

257 465 315 526 nisi
327 458 422 520 velint
434 455 586 538 specimen
599 454 746 514 doctrinas
757 466 787 512 ct
798 453 870 512 artis
883 474 1073 537 proponere,
1086 457 1118 515 in
1130 477 1194 537 quo
1206 469 1237 516 et
1250 453 1313 517 sibi

255 551 413 634 placeant,
435 559 466 604 et
483 563 612 604 suorum
630 541 794 603 bominum
814 541 1053 602 admirationem
1073 559 1204 626 captent.
1225 547 1312 604 Hinc

255 639 350 719 igitur
366 647 527 717 poetarum
545 631 603 691 illae
618 631 762 704 ἐπιδείξεις,
779 649 833 689 seu
846 630 1074 692 exercitationes
1089 635 1214 713 poeticae
1224 647 1309 692 natae

258 739 346 799 sunt,
361 726 394 784 in
409 741 542 804 quarum
560 739 726 779 numerum
739 739 804 778 non
819 719 882 778 Silii
897 719 1006 792 modo,
1020 719 1070 780 sed
1083 737 1113 780 et
1125 721 1309 800 aequalium,

256 815 359 890 Statii,
373 815 505 887 Lucani,
520 809 634 870 Valerii
646 809 762 882 Flacci,
778 806 973 888 aliorumque
984 809 1096 869 similia
1110 813 1245 871 carmina
1262 831 1310 870 re·

256 905 336 965 ferre
349 903 444 964 soleo.
457 904 534 981 Quae
544 921 643 982 quum
657 898 740 978 lego,
755 897 862 958 videor
878 897 954 958 mihi
970 899 1099 960 delinire
1117 923 1216 983 posse,
1230 901 1310 980 quid

190 1028 195 1036 =
257 995 383 1056 illorum
398 993 528 1073 quisque
540 987 702 1051 scribendo
715 989 862 1070 consequi
875 987 1023 1064 voluerit,
1043 991 1153 1050 Statius
1164 991 1310 1071 quidem,

256 1096 291 1144 ut
303 1083 497 1145 sublimitatis
512 1093 609 1139 artem
625 1097 687 1158 proe
702 1098 733 1137 se
745 1075 851 1152 ferret,
864 1079 1024 1153 Lucanus,
1039 1093 1074 1138 ut
1088 1080 1309 1140 sententiarum

255 1193 386 1236 acumen
405 1171 563 1254 probaret,
580 1168 719 1227 Valerius
737 1181 768 1225 et
782 1167 886 1242 Silius,
906 1181 941 1228 ut
957 1168 1133 1228 doctrinam
1149 1191 1310 1252 exprome-

256 1275 338 1334 rent3
358 1262 500 1342 quamvis
521 1256 761 1330 fatendumst,
783 1256 920 1337 singulos
940 1278 1011 1316 cum
1032 1257 1151 1318 diverso
1173 1260 1310 1340 ingenii,

253 1351 378 1435 judicii,
392 1352 466 1410 artis
480 1363 511 1408 et
523 1346 671 1406 doctrinae
684 1345 835 1426 adparatu
849 1344 888 1404 ad
909 1345 1103 1406 scribendum
1120 1348 1281 1407 accessisse.
1292 1373 1310 1401 ιι

296 1441 368 1500 Haec
384 1451 457 1514 sunt
472 1437 564 1496 verba
581 1435 646 1494 Viri
664 1433 847 1508 doctissimi,
864 1435 912 1493 cui
930 1455 994 1516 quo
1011 1438 1114 1496 minus
1131 1439 1233 1498 omnia
1255 1436 1309 1497 ad·

256 1530 384 1602 sentiar,
402 1526 565 1610 inpediunt
579 1521 749 1596 nonnulla,
764 1543 834 1602 quae
850 1522 927 1582 mibi
941 1543 976 1584 ea
987 1524 1101 1604 legenti
1112 1539 1262 1587 venerunt
1274 1527 1308 1585 in

257 1631 407 1692 mentem,
424 1632 455 1678 et
469 1614 648 1698 scrupulum
672 1612 850 1695 injecerunt.
869 1614 1010 1674 Primum
1024 1617 1164 1676 canninis
1183 1615 1311 1676 historici

256 1729 372 1770 nornen
387 1707 487 1788 aptius
502 1702 578 1764 milri
592 1703 726 1775 videtur,
741 1723 837 1782 quam
851 1701 1085 1778 declarmonis,
1098 1705 1182 1786 quod
1196 1703 1307 1766 llbcto·

257 1817 326 1858 rum
344 1795 445 1877 potius
462 1793 581 1874 scriptis
598 1789 771 1872 scholisque
789 1789 1026 1870 relinquendum
1044 1806 1103 1866 est,
1119 1807 1149 1854 et
1165 1814 1228 1875 quo
1243 1793 1307 1853 Silii

255 1886 380 1968 ejusque
391 1883 571 1964 aequalium,
587 1881 730 1963 inprimis
743 1880 856 1940 Valerii
869 1879 983 1955 Flacci,
999 1881 1132 1961 dignitas
1148 1883 1239 1943 nimis
1251 1883 1307 1943 ele·

256 1989 363 2034 vatur:
385 1975 441 2034 etsi
462 1993 528 2032 non
547 1986 612 2031 tarn
630 1992 710 2031 caeco
733 1983 831 2052 poetae
847 1972 907 2030 mei
924 1991 1031 2032 amore
1048 1986 1154 2053 captus
1170 1995 1256 2050 sum,
1275 1989 1310 2034 ut

257 2085 328 2126 eum
343 2086 360 2124 a
375 2061 468 2123 seculi
484 2061 529 2121 sui
547 2061 627 2119 vitiis
644 2062 807 2119 inmunem
821 2081 884 2120 esse
899 2081 1048 2120 censeam.
1068 2062 1187 2123 Deinde
1204 2064 1242 2124 ad
1260 2064 1310 2124 de·

257 2152 472 2214 clamatoriam
488 2150 659 2208 vanitatem
674 2148 867 2228 potissimum
889 2147 988 2208 refero
1003 2148 1112 2230 longas
1129 2153 1195 2212 sine
1210 2154 1310 2213 nervis

257 2257 287 2303 et
300 2261 390 2301 succo
405 2239 574 2312 orationes,
587 2239 694 2297 inanes
707 2251 892 2318 argutusque
903 2238 941 2298 de
952 2239 1031 2299 vitiis
1043 2253 1137 2320 atquc
1149 2243 1310 2304 virtutibus

163 2327 168 2336 ’
257 2332 479 2413 disputationes
493 2341 522 2388 et
537 2341 686 2410 praeccpta
705 2325 976 2410 philosophomm‚
991 2349 1061 2410 quae
1074 2332 1106 2390 in
1122 2347 1230 2394 nostro
1244 2355 1310 2394 car-

257 2421 340 2481 mine
356 2422 405 2480 vix
423 2418 638 2501 reperiuntur,
654 2416 703 2476 vel
724 2417 828 2476 minus
848 2431 929 2478 certe
946 2418 1038 2478 obvia
1055 2434 1127 2480 sunt
1144 2423 1309 2501 minusque

257 2531 314 2570 nos
329 2507 508 2583 offendunt,
524 2527 618 2587 quam
634 2507 667 2565 in
682 2507 810 2565 Lucano
822 2503 949 2588 aliisque
963 2504 1027 2588 ejus
1041 2510 1137 2568 aetatis
1152 2509 1309 2592 scriptori·

256 2600 322 2659 bus.
336 2599 484 2659 Praeterea
498 2598 522 2656 si
537 2595 589 2655 illa
606 2593 743 2655 nominis
758 2594 835 2653 ratio
848 2594 975 2668 valeret,
989 2595 1202 2675 antiquissima
1215 2599 1306 2656 etiam

257 2687 435 2770 optimaque
445 2687 556 2768 scripta
566 2685 598 2743 in
610 2681 885 2742 declamationibus
895 2684 1089 2743 numeranda
1100 2699 1208 2746 esseut
1218 2687 1306 2760 Nam,

259 2791 292 2836 ut
303 2776 377 2837 alios
390 2792 521 2848 taceam,
537 2795 575 2833 ne
589 2771 677 2832 Maro
689 2769 815 2851 quidem
831 2770 870 2829 ab
888 2770 1037 2832 orationis
1052 2770 1171 2834 luxurie
1185 2789 1216 2834 ct
1231 2771 1308 2834 llbe-

256 2879 360 2926 torum
379 2865 504 2948 argutiis
520 2863 591 2924 satis
608 2862 665 2922 sibi
682 2862 762 2922 cavit
772 2862 831 2940 (r),
848 2872 879 2920 et
897 2859 1044 2943 Polybius
1060 2883 1186 2946 quoque
1203 2883 1307 2923 narra·

256 2955 335 3015 tioui
352 2975 414 3014 suoe
430 2953 529 3013 ubivis
546 2951 675 3012 intexuit
691 2949 913 3032 disputationes
929 2963 960 3009 et
975 2949 1191 3030 digressiones,
1209 2951 1307 3035 pbilo-

257 3039 356 3123 sopho
379 3039 554 3113 umbratili,
578 3059 672 3119 quam
698 3036 845 3098 historico
869 3039 1060 3120 pragmatico
1080 3039 1254 3120 digniores,
1279 3056 1309 3101 et

258 3127 510 3189 scholasticorum
527 3125 750 3210 rhetorumque
770 3125 988 3206 loquacitatem
1010 3126 1190 3188 redolentes.
1216 3130 1309 3190 Deui-

257 3235 317 3297 quc
330 3228 513 3296 argumenta
526 3215 701 3274 carminum
715 3235 750 3276 ex
764 3213 893 3274 historia
907 3217 1048 3276 Romana
1063 3217 1220 3298 repetendi
1233 3239 1306 3278 con·

258 3305 387 3367 suetudo
399 3325 465 3365 non
480 3304 543 3364 Silii
556 3326 622 3366 sevo
636 3308 761 3388 propria
777 3303 849 3379 fuit,
863 3304 909 3366 vel
923 3321 992 3386 post
1003 3307 1124 3367 Horatii
1138 3306 1264 3368 demum
1277 3321 1308 3366 et

258 3394 377 3476 Virgilii
395 3407 535 3476 tempora
554 3394 703 3468 invaluit,
720 3393 771 3452 sed
789 3391 930 3475 a'primis
947 3393 1019 3454 inde
1035 3395 1201 3456 literaturae
1212 3396 1306 3458 initiis

258 3497 434 3546 constanter
444 3487 552 3546 tenuit
570 3486 615 3544 lta
632 3483 730 3556 enim,
748 3496 783 3541 ut
796 3482 873 3544 alios
887 3483 1045 3558 omittam,
1062 3485 1197 3560 Ennius,
1213 3485 1306 3566 epiras

292 3713 332 3784 (r)
343 3712 382 3766 lll.
396 3713 486 3786 Hepne
497 3715 528 3765 Τ.
541 3713 590 3778 lll,
606 3729 633 3782 p.
646 3710 677 3778 4,
692 3709 756 3764 edit.
804 3725 892 3766 torum
901 3713 1011 3785 argutiis
1019 3713 1173 3785 inquinata,
1184 3730 1242 3783 quae
1254 3709 1306 3763 dis·

259 3791 351 3863 virgil.
363 3793 446 3862 prior.
460 3794 510 3843 alu
521 3787 645 3856 AEneide,
658 3792 757 3865 inquit,
802 3791 903 3865 plicere
911 3807 1023 3863 possunt
1033 3815 1039 3844 :
1051 3791 1097 3844 sed
1105 3791 1161 3844 brec
1169 3791 1303 3863 profecto,

257 3885 319 3924 suut
334 3872 433 3943 passim
453 3882 545 3922 notata
564 3869 671 3922 anobis
690 3889 757 3922 non·
803 3867 1305 3943 quenostriuricriticireprebenden·

258 3949 346 4015 uulla,
362 3951 389 4000 lu
403 3952 495 4020 primis
510 3949 536 4000 in
551 3947 755 4002 deorum'mini-
802 3951 836 4003 du
847 3963 990 4022 putarunt,
1001 3953 1052 4004 ista
1062 3963 1138 4002 atate
1147 3951 1190 4000 rix
1202 3951 1227 4001 iu
1238 3951 1305 4000 ritu·

256 4029 357 4092 steriio,
373 4043 467 4096 parum
486 4026 619 4079 subtiliter
635 4027 754 4098 digesta,
800 4033 905 4100 perium
929 4045 1091 4083 venerunt·
1113 4028 1181 4082 Vide
1197 4047 1305 4101 quoque

256 4106 308 4160 alia
322 4105 443 4177 inprimis
457 4105 485 4155 iu
498 4106 680 4172 sermonibus,
692 4107 754 4158 rhe-
798 4111 870 4178 Virp.
884 4122 953 4161 nost.
966 4110 1031 4162 edit.
1042 4111 1073 4161 T.
1086 4111 1134 4180 lll,
1146 4129 1173 4180 p.
1186 4109 1246 4162 256.
1256 4111 1302 4162 En.
