2930 4644
255 368 318 434 388
571 365 607 428 C.
631 363 758 431 SlLll
782 367 979 433 lTALlCl

253 505 425 573 Convertit
436 501 635 570 furibundus
648 505 741 594 equi,
754 528 976 597 campumque
987 509 1137 596 petebat,

250 612 363 695 Quum
375 610 492 675 subitae
504 609 634 675 occulto
646 611 746 698 pestis
759 611 913 701 conlapsa
925 630 1070 681 tremore
1257 631 1304 686 555

250 713 448 806 Cornipedis
461 714 566 780 moles
578 716 658 794 ruit,
672 732 772 806 atque
785 717 910 784 efflavit
921 717 1042 787 anbelo

251 827 403 901 Pectore,
417 822 558 888 lunonis
570 822 671 900 curis,
685 821 720 885 in
732 819 845 886 nubila
856 823 968 890 vitam.

248 931 337 994 Turn
352 949 432 992 vero
444 927 623 1016 inpatiens,
641 929 781 994 «Vestra
793 943 843 992 est
854 927 926 994 baec
937 928 1054 1009 altera,
1067 947 1175 997 restra

248 1039 364 1114 Fraus,
378 1034 499 1122 inquit,
512 1032 649 1120 Superi:
663 1055 730 1098 non
744 1033 853 1099 fallitis
866 1057 872 1097 :
886 1057 1020 1124 aequore
1032 1060 1177 1103 mersum

246 1143 422 1208 'rexissent
433 1141 575 1229 scopuli,
590 1140 795 1231 pelagusque
806 1140 970 1209 hausisset
981 1161 1015 1210 et
1026 1143 1133 1210 undae.
1249 1165 1296 1215 56·

245 1255 339 1316 Anne
350 1248 429 1314 huic
441 1246 595 1313 servabar
606 1247 694 1312 leto?
705 1250 781 1315 Mea
794 1250 886 1339 signa
899 1254 1017 1334 secuti,

245 1359 326 1442 Quls
339 1375 458 1447 pugnae
470 1353 654 1442 auspicium
667 1352 836 1436 dedimus,
849 1355 1037 1440 caeduntur,
1051 1375 1085 1426 et
1095 1359 1211 1428 absens

244 1462 385 1553 Adcipio
398 1461 539 1550 gemitus
551 1481 717 1551 vocesque
730 1477 764 1526 et
775 1461 877 1528 verba
888 1481 1066 1530 uocantum

247 1568 482 1647 Hannibalem,
496 1566 570 1656 quis
583 1583 694 1632 nostra
705 1567 783 1632 satis
796 1566 916 1634 delicta
928 1569 1033 1660 piabit

245 1679 420 1742 Tartareus
432 1676 606 1740 tornensi»
621 1673 725 1741 Simul
737 1671 809 1740 baec
821 1673 996 1757 fundebat,
1011 1695 1045 1743 ct
1057 1701 1122 1744 nna
1247 1694 1295 1740 565

243 1781 419 1872 Spectabat
430 1777 594 1859 dextram,
607 1803 646 1846 ac
657 1778 714 1845 leti
728 1777 878 1846 fervebat
888 1803 1013 1848 eruore.

287 1888 376 1953 Tum
387 1886 406 1950 J
409 1907 492 1965 uno,
505 1887 658 1952 miserata
672 1887 796 1968 virum,
810 1889 949 1977 pastoris
962 1890 997 1954 in
1010 1913 1067 1956 ora

277 2046 328 2108 554.
344 2047 407 2091 citati
418 2049 472 2108 equi
486 2060 529 2106 pro
544 2048 619 2092 citetis
634 2049 697 2111 equis
713 2051 776 2108 (nno
792 2051 851 2095 eninr
866 2063 927 2112 eque
943 2049 1071 2097 vehebatur
1085 2049 1213 2109 Hannibal)
1230 2051 1292 2102 edidi

245 2135 298 2168 enm
309 2117 391 2162 beleb.
404 2127 428 2162 et
441 2118 495 2162 Ern.
510 2115 622 2164 suadente
636 2120 665 2164 ll.
682 2119 762 2166 Helas.
779 2123 847 2167 citato
858 2135 915 2184 equo
931 2123 1014 2182 corrig.
1027 2123 1099 2168 Lirin.
1112 2145 1144 2158 -
1153 2123 1205 2168 555.
1216 2123 1293 2170 sabito

243 2187 332 2238 occulta
342 2188 486 2248 transcripti.
497 2187 571 2234 subita
584 2187 671 2234 ocmlto
682 2191 763 2252 prisca
774 2190 828 2238 edd.
839 2191 912 2238 subito
922 2190 1015 2238 occulte
1026 2192 1087 2254 conj.
1100 2190 1216 2238 Drakenb.
1226 2195 1291 2260 qnod

244 2274 355 2322 recepere
367 2256 448 2304 beleb.
459 2269 482 2304 et
491 2259 545 2306 Ern.
556 2260 641 2306 Parum
650 2261 752 2307 intereat.

245 2397 355 2449 modum
374 2396 401 2446 in
419 2397 490 2447 omni
508 2395 666 2448 Hannibalis
685 2415 748 2451 ora·
792 2397 840 2452 tali
853 2399 908 2452 vita
920 2398 963 2452 rel
975 2409 1088 2452 mortem
1103 2401 1130 2451 in
1143 2398 1222 2452 undis
1234 2419 1292 2453 rna·

246 2479 318 2530 tione
336 2486 418 2549 poeta
434 2472 505 2528 bene
521 2485 549 2527 et
567 2495 627 2528 carn
643 2473 747 2547 jndicio
791 2478 835 2546 lit,
848 2497 928 2552 quam
941 2478 1063 2550 pluribus
1078 2498 1136 2551 sup.
1148 2499 1173 2531 r.
1187 2479 1237 2550 ²⁵9
1248 2497 1289 2552 sq.

245 2557 360 2610 bominis
381 2554 569 2626 adrogantiam
588 2568 616 2608 et
640 2555 747 2609 ducerer
792 2557 1291 2620 detestatnaest;Dralr.Delracnmrte

245 2636 389 2710 quamdam
410 2637 553 2706 expressit,
579 2637 617 2688 ita
638 2653 747 2708 quoquc
791 2637 844 2690 vid.
856 2637 891 2690 ad
901 2641 945 2704 tv,
960 2637 1012 2708 669
1024 2657 1064 2710 sq.

244 2737 316 2771 nunc
327 2730 405 2789 aptus
415 2715 504 2768 inluso
516 2715 661 2768 Hannibali
670 2717 747 2768 furor
827 2717 876 2770 561
887 2735 928 2787 sq.
941 2717 981 2768 ct.
989 2717 1063 2790 Virg.
1071 2719 1130 2771 AEn.
1141 2719 1179 2785 X,
1191 2719 1240 2790 672
1249 2737 1290 2791 sq.

243 2799 363 2865 videtur,
382 2815 436 2869 quo
449 2813 580 2848 converso
591 2813 662 2867 equo
674 2813 748 2849 cam·
791 2799 1095 2868 -pupnoenuspict‘um,
1105 2798 1217 2864 utXlll,
1230 2799 1292 2866 ¹⁵⁴2

244 2899 309 2953 pum
325 2882 406 2951 petit,
425 2877 472 2930 ubi
485 2897 577 2931 varum
594 2877 746 2948 Scipionem
791 2873 838 2927 ubi
852 2875 906 2927 vid.
920 2888 976 2928 not.
988 2907 1024 2916 —
1036 2876 1088 2943 564
1101 2894 1157 2948 aeq.
1174 2878 1216 2930 An
1235 2876 1291 2930 bas

243 2959 382 3013 obfendat.
393 2955 495 3022 Fallor,
507 2969 552 3010 aut
564 2955 592 3008 id
604 2956 749 3010 consilium
791 2955 856 3007 tatia
866 2973 986 3027 congrae
996 2957 1051 3007 sint
1064 2956 1221 3010 Hannibalis
1233 2957 1293 3009 ani-

245 3039 329 3109 magis
342 3037 479 3088 heroicum
497 3050 551 3102 est,
570 3053 650 3106 quam
662 3037 746 3089 Turni
791 3051 849 3101 mo,
860 3033 1006 3088 addubito:
1019 3037 1141 3106 quamvis
1151 3055 1206 3088 non
1216 3038 1293 3108 inep-

244 3137 287 3190 ap.
298 3117 372 3186 Virg.
383 3117 440 3166 AEn.
451 3115 490 3180 X,
500 3115 553 3168 680
562 3133 603 3186 aq.
615 3139 627 3163 a
638 3147 674 3157 -
684 3115 745 3169 555.
792 3127 847 3166 tum
856 3115 1061 3180 sitexistimare,
1069 3113 1203 3167 bominem
1211 3117 1292 3168 etiam

241 3195 334 3269 pestis,
352 3193 443 3246 labris.
461 3223 497 3234 --
516 3193 575 3246 556.
598 3195 747 3267 Comipedis
784 3193 925 3246 'inmanem
939 3207 964 3245 et
979 3193 1153 3266 adrogantem
1164 3195 1202 3246 ita
1217 3195 1292 3248 caln-

243 3272 745 3344 moles,equusrobustus,Cell.lmmo
790 3273 889 3326 utitatis
908 3284 1030 3324 extremae
1053 3289 1132 3325 sensu
1154 3273 1242 3344 frangi
1263 3286 1292 3326 at

242 3359 345 3427 ingens.
358 3353 400 3405 Gi.
413 3352 476 3418 Xll,
495 3351 556 3415 108;
570 3353 626 3418 XV,
638 3352 704 3423 337,
719 3366 746 3405 et
789 3351 903 3403 emolliri
911 3368 1004 3422 posse,
1013 3363 1042 3403 ut
1049 3351 1105 3404 bae
1114 3351 1177 3406 talia
1183 3355 1209 3403 in
1217 3371 1292 3405 meu·

244 3437 278 3494 ad
292 3437 341 3498 lll,
354 3433 396 3501 46.
789 3443 843 3482 tem
851 3431 1292 3494 recurrant;Ern.-dele'ctallan·

278 3515 338 3568 558.
351 3515 476 3583 Dejectna
488 3508 522 3562 de
532 3508 646 3560 consilio
661 3527 746 3562 raven
781 3509 888 3562 nibalis
903 3529 936 3564 eo
953 3522 1089 3582 spectant,
1106 3511 1179 3583 quod
1196 3525 1291 3564 auctor

242 3595 315 3649 tendi
331 3591 465 3646 Hannibal
479 3593 549 3660 jam,
567 3599 629 3660 apta
646 3589 744 3642 furoris
788 3591 840 3641 fnit
851 3590 916 3644 belli
928 3605 955 3644 et
969 3590 1127 3644 calamitatis
1139 3593 1240 3664 patriae.
1253 3622 1290 3632 —

240 3675 443 3747 progressione,
454 3669 650 3741 desperationis
660 3668 745 3721 doen·
787 3668 884 3721 delicta
891 3673 978 3743 piabit
986 3672 1124 3725 Tartareus
1134 3685 1241 3737 tomas,
1252 3673 1288 3724 cl.

239 3764 328 3806 menta
336 3749 441 3822 prodit,
451 3760 541 3820 optat,
552 3761 583 3801 ut
591 3767 619 3802 ae
628 3747 745 3803 texissent
787 3750 847 3802 Xlll
854 3788 861 3816 ,
875 3752 927 3822 869
939 3771 979 3825 aq.
989 3781 1026 3792 -
1034 3751 1088 3804 ltoec
1092 3751 1224 3822 fundebat
1232 3771 1288 3806 ver·

237 3829 353 3904 scopuli,
373 3841 423 3881 etc.
446 3839 527 3898 atque
543 3847 615 3880 nunc
633 3827 742 3882 demum
787 3827 836 3896 ba,
847 3843 877 3882 ut
888 3832 950 3897 llll,
966 3831 1141 3903 apa-566.
1154 3831 1291 3902 Spectabat

239 3909 272 3962 de
293 3922 379 3962 morte
398 3909 449 3962 sibi
469 3907 609 3962 inferenda
628 3911 740 3982 sopitam
786 3910 915 3976 dextrum,
934 3925 964 3964 ut
982 3929 1076 3964 manna
1095 3911 1147 3963 sibi
1164 3914 1289 3980 inferret,

237 3989 300 4041 Era.
310 3989 350 4040 cf.
359 3988 433 4058 Virg.
447 3989 505 4040 AEn.
516 3987 555 4054 X,
569 3987 622 4042 666
635 4006 674 4058 sq.
785 3989 937 4042 nocemsibi
946 3993 1003 4063 ipse
1011 3991 1198 4044 conscisceret.
1206 3992 1247 4044 Cf.
1256 3993 1286 4058 ll,

274 4063 326 4134 559
345 4082 385 4135 sq.
405 4067 566 4136 lnpatienter
586 4064 654 4116 adeo
670 4064 741 4120 banc
787 4064 839 4132 705
850 4083 890 4136 sq.

237 4143 415 4200 calamitatem
425 4143 478 4198 lert
486 4139 637 4206 Hannibal,
646 4153 676 4190 ut
685 4158 740 4220 pra·
821 4143 871 4212 567
885 4161 926 4216 aq.
944 4145 1024 4202 llecta
1037 4149 1157 4203 Ernesti:
1176 4149 1286 4217 aQuum
