2930 4644
257 333 321 415 lin
440 333 445 346 ·
585 331 969 398 oouusursmo

249 473 390 534 ducenda
402 483 544 556 putasset.
552 509 590 518 —
598 474 706 552 Quum
717 485 822 533 autem
834 491 900 533 non
913 471 1046 533 aliorum
1058 471 1150 533 modo
1160 491 1263 533 curas
1279 473 1321 532 in

244 575 405 622 auctorem
422 575 563 624 nostrum
578 563 682 638 edere,
700 563 750 624 sed
767 564 830 646 ipse
845 563 938 622 etism
954 561 1070 643 aliquid
1087 563 1209 636 conam,
1228 573 1266 622 et
1284 563 1320 620 iu

243 649 317 712 silio
336 653 508 715 studiorum
525 656 702 716 tirocinium
720 653 873 736 deponere
890 655 1131 727 constituissem,
1152 653 1320 711 Burman·

246 759 320 816 uus,
336 745 386 803 cui
402 759 557 827 quantum
569 743 633 805 hec
644 743 736 804 editio
751 742 876 819 debeat,
891 741 958 826 jam
972 746 1110 825 superius
1126 741 1319 824 praedieavi,

245 849 312 890 non
333 846 495 896 contentus
514 856 564 910 ea,
585 854 655 916 quae
675 834 824 909 vidimus,
844 834 1020 916 prebuisse,
1042 836 1173 915 gratiam
1193 835 1317 906 etiam,

245 941 309 1002 qua
325 922 459 1001 valebat,
479 925 561 1008 apud
578 923 767 986 Ezechielem
784 921 1007 1006 spanhemium
1025 924 1224 1006 interponere
1246 939 1318 980 non

245 1005 415 1088 dubitavit,
434 1023 469 1072 ut
489 1025 628 1095 excerpta
646 1011 756 1073 oodicis
776 1012 971 1086 Oroniensis,
992 1011 1046 1093 qui
1066 1013 1098 1070 in
1118 1007 1317 1070 bibliotheca

245 1095 372 1180 Collegii
391 1101 566 1182 Baginensis
581 1113 733 1174 servatur,
750 1112 780 1159 et
795 1119 858 1180 quo
875 1097 1017 1159 Berthius
1032 1111 1063 1158 et
1079 1098 1143 1158 Nic.
1160 1097 1318 1158 Heinsius

246 1182 449 1263 adfuerant,
468 1188 517 1248 sed
534 1187 620 1270 eujus
635 1189 727 1248 varie
744 1189 901 1270 scripture
916 1186 1044 1248 Colinsu
1062 1186 1188 1247 editioni
1209 1185 1314 1244 Hein-

246 1272 339 1334 sisne
358 1275 515 1359 adscriptae
534 1297 599 1337 non
615 1291 703 1352 sunt,
720 1277 890 1336 transmitti
905 1289 1035 1337 curant.
1049 1275 1145 1358 Cujus
1155 1271 1315 1334 beneficio

244 1360 353 1438 etiam,
370 1363 458 1426 facile
474 1364 505 1425 id
517 1365 702 1426 eoncedente
714 1363 866 1424 Richardo
877 1363 1027 1440 Dentleio,
1045 1363 1218 1424 Academiae
1230 1362 1314 1422 Oxo·

245 1449 358 1512 niensis
377 1454 556 1516 Cancellarii
573 1456 650 1516 vices
668 1467 791 1537 agente,
808 1453 1005 1515 collationem
1020 1453 1085 1536 ejus
1101 1453 1311 1534 manuscripti

244 1538 285 1599 ad
308 1541 429 1604 Cellerii
452 1545 617 1608 editionem
639 1547 813 1606 institutam
836 1543 952 1625 adoepi.
981 1542 1100 1603 Deinde
1124 1544 1311 1604 Franciscus

245 1627 412 1708 Hesselius,
434 1632 509 1694 olim
532 1635 566 1694 in
590 1632 734 1694 Atheneo
758 1631 1021 1692 Rotterodamensi
1044 1631 1255 1690 Historiarum
1279 1645 1310 1690 et

244 1713 436 1798 Eloquentia
454 1719 622 1795 Professor,
638 1741 724 1780 nune
742 1739 814 1780 vero
830 1717 915 1801 apud
929 1717 1118 1800 Trajectinos
1133 1731 1259 1779 nostros
1275 1719 1308 1778 in

245 1800 414 1888 Collegium
427 1808 659 1870 Canonieorum'
667 1807 706 1870 ad
718 1808 757 1868 D.
769 1807 875 1868 Merite
887 1805 1071 1888 adscriptus,
1087 1805 1188 1866 medio
1206 1827 1244 1866 ac
1256 1827 1308 1888 pa·

245 1893 326 1952 rario
344 1895 462 1957 Davide
480 1899 719 1979 Hoogstratauo,
740 1895 815 1956 ludo
832 1894 967 1958 literaria
985 1893 1213 1956 Amstelaedami
1232 1913 1309 1978 pre·
1414 1937 1416 1962 i

244 1976 338 2058 fecto,
354 1984 490 2066 ejusdem
505 1987 615 2050 codicis
627 1987 808 2048 Oxonieusis
820 1997 974 2068 exoerpta,
990 1985 1119 2046 editioni
1130 1984 1306 2067 Rsphelen·

243 2071 285 2152 gii
301 2091 433 2136 oioiocxr
450 2097 546 2138 manu
563 2079 620 2137 viri
636 2077 718 2138 docti
730 2077 850 2152 addita,
862 2075 902 2137 ab
913 2076 1118 2136 eruditissimo
1129 2078 1196 2134 viro
1214 2077 1306 2136 Petro

249 2157 389 2242 Ulaminp
412 2165 606 2248 impetravit:
630 2165 730 2247 quod,
751 2166 775 2225 si
795 2163 977 2247 conjecturis
998 2161 1160 2244 indulgere
1180 2161 1305 2236 liberet,

244 2246 326 2310 idem
341 2253 496 2338 exemplar
511 2253 617 2330 fuisse,
633 2255 716 2336 quod
733 2255 808 2316 olim
821 2251 945 2316 Derthio
956 2251 1065 2314 Silium
1077 2254 1247 2312 recensenti
1265 2251 1304 2312 ad
1417 2319 1418 2326 ,

243 2357 356 2401 manus
367 2340 442 2419 fuit,
454 2345 645 2427 gravissimas
660 2345 700 2406 ob
716 2365 822 2406 causas
838 2344 1014 2426 suspicarer.
1027 2342 1135 2419 Quum
1150 2362 1223 2401 ven
1236 2342 1304 2422 qni·
1417 2393 1418 2406 ,

244 2424 375 2491 busdam
396 2433 430 2493 in
451 2432 523 2496 loeis
541 2434 604 2494 duo
622 2432 686 2495 baec
705 2431 905 2516 exemplaris,
925 2450 995 2512 ques
1016 2441 1121 2490 tamen
1139 2449 1176 2488 ex
1193 2425 1302 2488 iisdem
1417 2435 1418 2442 ’

244 2517 432 2581 membranis
443 2535 611 2606 propagata
623 2534 710 2596 sunt,
726 2522 808 2582 iuter
818 2541 849 2581 se
859 2519 1017 2580 dissentire
1027 2515 1303 2600 deprehenderem,

243 2614 274 2659 et
294 2605 395 2687 ipsum
418 2611 551 2673 codicem
575 2609 757 2693 inspiciendi
778 2607 957 2670 facultatem
978 2626 1043 2668 non
1064 2605 1226 2680 haberem,
1245 2619 1304 2666 aut

242 2693 310 2767 quis
322 2692 442 2760 fidelius
454 2701 654 2783 manuscripti
666 2697 828 2780 Anglicani
845 2695 1005 2758 lectionem
1022 2695 1214 2776 exproeserit,
1229 2695 1302 2753 satis

244 2787 413 2866 prospicere
433 2793 607 2872 nequirem,
627 2788 710 2849 bona
731 2785 793 2848 lide
813 2791 916 2847 tecum
936 2803 1025 2866 egere
1044 2781 1157 2858 malui,
1178 2785 1302 2858 lector,
1416 2799 1417 2804 ’

242 2889 340 2952 coque
350 2877 384 2936 iu
396 2899 466 2938 casu
480 2893 644 2959 utramque
654 2875 815 2937 lectionem
832 2893 1020 2946 memorare;
1032 2885 1081 2944 ut,
1097 2871 1211 2953 quibus
1222 2873 1302 2953 ipsas

245 2965 440 3025 membranas
455 2966 613 3026 consulere
629 2965 737 3040 datur,
750 2963 829 3024 nihil
841 2984 891 3024 me
906 2965 939 3025 in
955 2960 1004 3022 his
1015 2963 1138 3022 incertis
1148 2959 1302 3042 conjectu·

243 3048 284 3108 ris
300 3041 414 3112 dedisse
429 3053 597 3135 intelligere
612 3067 738 3135 queant.
756 3055 885 3135 insuper
902 3050 1034 3112 lacobus
1049 3049 1224 3110 Gronovius
1238 3049 1302 3110 edi-
1416 3097 1417 3105 ,

244 3139 361 3200 tionem
370 3141 645 3218 Mediolanensem
658 3145 696 3206 G.
707 3145 949 3217 Claramontius,
962 3143 996 3201 in
1008 3139 1132 3201 ecelesia
1142 3138 1300 3201 walonica

242 3226 326 3307 apud
345 3231 642 3294 Amstelaedamenses
656 3233 835 3294 divinorum
849 3230 1047 3294 oraculorum
1063 3231 1226 3312 interpres,
1237 3229 1301 3291 edi·

242 3317 360 3379 tionem
379 3321 506 3382 Martini
525 3323 768 3408 ilerbipolensis,
791 3336 822 3384 et
839 3323 933 3384 Marsi
954 3321 1143 3393 Parisinam3
1164 3321 1302 3402 egregius

243 3425 406 3470 causarum
419 3425 567 3494 patrunus
578 3411 750 3473 Gulielmus
762 3413 829 3472 Dest
840 3411 1006 3472 editionem
1017 3409 1198 3484 Juntinam,
1213 3407 1300 3489 cujus

245 3501 378 3580 margini
396 3523 494 3586 pauca
512 3504 711 3585 adscripserat
728 3503 799 3562 Ger.
816 3502 953 3577 Vossius,
968 3498 1136 3560 liberaliter
1150 3501 1220 3559 usui
1231 3518 1300 3558 meo

241 3607 465 3654 concesserunt.
473 3593 591 3654 Deinde
603 3611 701 3672 quum
714 3592 896 3673 procedente
904 3604 1041 3673 tempore
1052 3588 1142 3650 Silius
1153 3589 1301 3672 aliquam-

242 3675 298 3735 diu
314 3683 523 3765 typographos
538 3701 674 3742 exereere
688 3683 839 3764 coepisset,
858 3680 975 3742 consilii
994 3681 1055 3740 mei
1073 3681 1184 3740 eertior
1201 3677 1300 3739 factus

243 3763 375 3828 Jacobus
396 3771 571 3831 Perimnius
591 3770 724 3851 primam
745 3771 888 3829 omnium
906 3769 1088 3842 editionem,
1106 3786 1177 3849 que
1195 3767 1298 3828 Roma

243 3876 330 3918 anno
342 3878 535 3921 croooccuxxi
548 3879 655 3920 excusa
667 3873 725 3934 est,
737 3873 767 3919 et
779 3879 947 3920 nunctum
960 3857 1027 3918 aliis
1040 3855 1200 3917 nonnullis
1215 3855 1298 3916 libris

244 3963 281 4004 ac
296 3948 412 4026 scriptis
424 3947 524 4028 legato
536 3946 599 4028 ejus
612 3949 644 4008 in
662 3947 879 4010 bibliothecam
896 3946 1206 4029 lugduno-Batavum
1220 3963 1298 4005 eom·

245 4031 402 4109 migravh,
426 4035 464 4092 ad
489 4055 538 4093 me
559 4038 746 4108 transmisit3
767 4035 1031 4116 quemadmodum
1054 4035 1149 4093 etiam
1170 4053 1231 4092 nou
1250 4029 1300 4092 der

245 4117 334 4178 Kloot
346 4119 439 4179 Marsi
452 4123 600 4184 Venetam
616 4125 768 4205 primam:
785 4143 855 4204 que
870 4143 961 4184 causa
977 4135 1036 4198 est,
1053 4136 1089 4183 ut
1105 4141 1212 4183 earam
1227 4133 1298 4182 ante
