2930 4644
516 374 524 400 ι’
561 349 626 414 DE
649 347 800 414 SILIO.

325 485 462 546 bissenos
470 483 560 566 jubet
570 503 610 545 en
623 485 721 546 redire
731 479 823 547 fasoe's

326 573 404 632 Nato
415 573 552 648 consule,
565 573 724 654 nobilique
735 574 820 654 virga

326 661 410 721 Vatis
421 663 587 724 Castaliam
598 662 728 724 domum
740 682 856 722 sonare.

326 750 439 810 Rerum
451 752 551 831 prima
564 750 645 811 salus
656 763 686 811 et
697 771 775 826 une,
787 753 902 826 Cesar,

326 837 481 898 Gaudenti
492 851 625 922 superest
638 835 753 914 adbuc,
765 837 847 920 quod
861 851 946 920 optet

325 924 407 986 Felix
420 948 560 1011 purpura
570 928 737 1010 tertiusque
748 928 866 988 consul.

327 1013 475 1100 Pompeio
487 1017 603 1078 dederit
615 1016 684 1077 licet
696 1017 823 1078 Senatus

326 1103 365 1162 Et
376 1105 477 1166 Cesar
488 1126 600 1186 genero
613 1124 711 1166 sacros
724 1103 868 1180 honores,

325 1189 466 1266 Quorum
480 1191 627 1254 Pacificas
639 1207 685 1254 ter
696 1192 857 1276 ampliavit

325 1279 422 1341 Janus
434 1283 563 1342 nomina
574 1306 582 1341 ι
595 1281 685 1344 Silius
698 1281 871 1363 frequentes

325 1366 445 1428 Mavult
457 1370 498 1430 sic
512 1390 676 1430 numerare
687 1370 875 1430 consulatus.

458 1519 526 1559 nte.
549 1519 600 1576 rx,
621 1519 738 1560 error.
762 1519 925 1561 cumr.

208 1623 362 1690 Festinata
375 1633 422 1692 sui
435 1648 568 1714 gemeret
581 1655 679 1716 quum
690 1633 755 1692 fata
767 1634 867 1695 Severi
894 1690 899 1696 ,

290 1720 393 1799 Silius,
406 1725 541 1785 Ausonio
552 1746 617 1785 non
630 1725 724 1786 semel
734 1745 787 1785 ore
799 1739 923 1806 potens;

210 1811 290 1870 Cum
302 1832 390 1893 grege
403 1813 499 1874 Pierio
512 1828 633 1874 maestus
645 1813 823 1894 Phoeboque
835 1813 992 1894 querebar.

290 1901 355 1981 lpse
367 1923 471 1962 meum
483 1901 566 1978 llevi,
579 1905 655 1965 dixit
667 1904 790 1986 Apollo,
803 1906 925 1964 Linon:

210 1987 407 2071 Respexitque
418 2013 521 2066 suam,
533 2013 601 2074 quae
613 1992 712 2052 stabat
723 1992 861 2074 proxima
873 1990 977 2068 fratri,

289 2078 465 2161 Calliopen,
477 2095 507 2141 et
518 2083 578 2142 ait:
591 2083 638 2141 Tu
650 2085 773 2164 quoque
785 2079 898 2142 vulnus
910 2079 1013 2142 babes.

209 2161 335 2246 Adspice
346 2169 511 2250 Tarpeium
522 2168 773 2250 Pallatinurnque
784 2171 956 2229 Tonantem
968 2193 975 2229 ι

287 2255 368 2314 Ausa
381 2253 464 2316 nefas
476 2255 616 2318 Lachesis
628 2255 703 2316 lresit
715 2259 883 2337 utrumque
895 2259 1010 2318 lovem.

209 2343 456 2424 Numinaquum
466 2345 567 2408 videas
580 2345 666 2405 duris
678 2345 812 2406 obnoxia
823 2344 909 2420 fatis,

198 2459 201 2466 ·
290 2431 409 2492 lnvidia
422 2433 517 2513 possis
529 2453 694 2496 exonerare
703 2433 790 2494 Deos.

478 2589 545 2627 ΗΒ.
568 2587 620 2652 xl,
641 2588 760 2626 EPlGll.
781 2588 914 2628 111v111.

213 2699 302 2760 Silius
314 2699 380 2762 heec
392 2704 499 2783 magni
509 2701 642 2764 celebrat
652 2701 843 2762 monimenta
855 2701 1006 2778 Maronis,

292 2793 405 2872 lugere
417 2792 543 2854 facundi
554 2793 608 2872 qui
620 2793 772 2853 Ciceronis
785 2789 886 2852 bebet'.

215 2879 365 2944 Heredem
375 2881 603 2962 dominumque
614 2883 661 2942 sui
673 2881 847 2962 tumulique
859 2881 1006 2962 Larisque
1024 2931 1027 2939 .

242 3018 256 3035 ..
292 2971 363 3032 Non
373 2971 473 3032 elium
484 2970 588 3032 mallet
599 2993 655 3032 nec
667 2972 839 3045 Maro‚nec
851 2968 996 3031 ciceroni
1045 3009 1047 3014 -
1125 2987 1128 2996 ·

496 3131 565 3172 tre.
588 3129 640 3184 x1‚
663 3129 780 3170 error.
803 3124 896 3168 ru1x.
921 3185 924 3194 .
949 3185 951 3193 Ι
1033 3169 1035 3174 .

213 3251 283 3311 Jem
295 3269 390 3332 prope
401 3248 532 3308 desertos
543 3247 659 3306 cineres
671 3257 701 3305 et
712 3255 816 3327 sancte
828 3243 965 3302 Maronis
1003 3275 1006 3282 ·
1091 3265 1095 3279 r

293 3339 429 3399 Nomine
441 3337 495 3416 qui
506 3335 631 3409 coleret,
645 3338 896 3416 pauperetunus
908 3335 981 3391 erat.
1031 3347 1061 3416 ᾗ
1094 3317 1128 3368 “¹¹
1149 3379 1171 3414 .¹

213 3427 302 3490 Silius
313 3429 444 3490 Andinae
454 3446 628 3486 succurrere
639 3425 763 3488 censoir
770 3421 906 3482 umbre:

293 3517 383 3578 Silius
394 3537 433 3576 en
446 3527 562 3588 vatem,
575 3534 639 3574 non
652 3515 756 3572 minor
767 3513 845 3593 ipse,
858 3509 967 3570 colit*
1030 3537 1033 3545 ·
1076 3544 1078 3550 ι
1127 3541 1130 3548 .
1176 3499 1205 3536 ‘⁴'

212 3633 252 3684 Gi.
267 3653 325 3708 sup.
338 3653 399 3708 pag.
411 3635 478 3704 407,
491 3646 547 3684 not.
566 3647 575 3682 ι
592 3631 627 3683 ud
641 3642 783 3682 comment.
799 3627 833 3680 de
845 3603 918 3680 Silio.

431 3746 968 3829 s1n0n1usrr0nttuir1s
1096 3741 1129 3774 ⁶

385 3917 634 3959 excussronro
654 3915 698 3954 ru
718 3910 875 3952 rnrrcsu
896 3909 926 3950 v.
948 3889 1015 3949 260.
1112 3939 1117 3946 .

339 4039 410 4098 Non
422 4037 586 4098 Gaetulicus
597 4033 648 4095 hic
660 4033 717 4093 tibi
729 4030 862 4112 legetur,

340 4129 410 4189 Non
422 4127 556 4200 Marsus,
569 4125 664 4200 Pedo,
676 4123 780 4195 Silius,
792 4117 945 4180 Tibullus:
