2930 4644
176 355 1219 387 mmmmmmmmwvwwmmwwuw
1328 370 1336 386 ι

380 595 496 720 ΑΙ)
540 595 1015 722 LECTOREM

481 922 914 1012 PRAEMONITIO.

178 1414 309 1552 Quum
332 1454 548 1548 promissam
574 1455 611 1521 in
636 1447 847 1548 praefatione
868 1455 999 1550 prioris
1022 1451 1225 1526 voluminis

176 1591 326 1664 operam
343 1565 387 1636 de
404 1565 481 1637 Silii
498 1583 615 1654 textu,
632 1565 677 1636 de
691 1570 797 1638 variis
816 1564 1035 1640 lectionibus
1055 1571 1225 1667 notisque

177 1680 224 1752 ad
241 1679 354 1751 finem
371 1679 522 1753 feliciter
538 1680 788 1778 perduxerim,
804 1697 911 1752 restat
924 1707 1027 1754 nunc
1044 1699 1086 1753 ut
1103 1687 1140 1754 in
1159 1709 1226 1755 cac-

179 1799 262 1867 teris
280 1797 490 1893 praestandis
508 1796 618 1869 fidem
640 1800 774 1896 pariter
793 1795 987 1869 exsolvam.
1012 1799 1057 1869 Et
1075 1797 1225 1897 quidem

179 1914 299 1981 statim
320 1909 534 2010 subjicietur
551 1913 820 1984 Commentatio
839 1911 884 1982 de
905 1911 982 1982 Silii
1002 1915 1073 1982 vita
1092 1929 1126 1983 et
1143 1937 1225 1984 car-

178 2029 293 2113 mine,
307 2031 368 2098 cui
384 2054 517 2126 paucas
532 2028 647 2127 adjeci
664 2044 786 2118 notas,
809 2045 921 2126 prout
935 2027 1102 2126 quaedem
1118 2026 1225 2100 nobis

177 2160 241 2212 aut
256 2169 332 2214 non
347 2143 589 2235 admittenda,
609 2162 673 2216 aut
690 2142 882 2242 probanda
894 2167 968 2216 esse
983 2142 1221 2216 videbantur:

176 2255 302 2332 confer
320 2265 517 2356 praesertim
535 2264 573 2331 in
593 2253 675 2332 se‘ct.
694 2263 740 2350 V,
760 2257 826 2332 ubi
844 2260 889 2331 de
910 2259 994 2331 edit.
1019 2264 1108 2330 anni
1134 2259 1218 2358 1781

178 2372 220 2446 fit
242 2379 397 2466 mentio,
420 2403 534 2450 novas
557 2375 826 2448 observationes
849 2375 1003 2449 ecodd.
1028 2379 1136 2475 Regg.
1162 2376 1225 2448 de-

178 2506 382 2586 promptas,
395 2491 530 2588 quibus
545 2489 734 2562 clarissimi
748 2491 889 2588 Ruperti
901 2493 1078 2561 sententia
1089 2488 1225 2564 confir·

181 2620 323 2674 matur:
339 2603 473 2676 dehinc
485 2603 562 2676 Silii
580 2608 667 2692 vita,
682 2621 832 2677 auctore
847 2605 1001 2676 Crinito.

229 2719 462 2790 Testimoniis
474 2735 637 2791 veterum
654 2745 675 2790 a
690 2719 944 2818 Goettingensi
961 2718 1098 2791 editore
1114 2718 1226 2791 cotta-

182 2835 225 2904 tis
243 2831 411 2929 adjiciam
428 2837 673 2906 recentiorum
690 2832 850 2934 judicia,
873 2836 929 2905 Jo.
952 2831 1034 2905 Alb.
1055 2831 1227 2926 Fabricii,

181 2942 314 3031 Rotttn,
330 2947 381 3017 La
397 2949 531 3059 Harpe,
549 2945 685 3035 Sctoett,
705 2949 828 3034 Amor,
848 2972 941 3046 quos
957 2951 1227 3046 praetermittere

181 3058 346 3160 religioni
361 3060 452 3132 mihi
468 3060 612 3152 fuisset,
624 3078 659 3133 et
673 3078 873 3160 sequentur
887 3079 1100 3160 argumenta
1117 3060 1226 3136 libro·

181 3198 264 3248 rum
275 3173 350 3246 sitii
360 3175 406 3248 ab
416 3177 631 3250 Hermanno
642 3173 993 3276 BuschioPasiphilo
1004 3176 1181 3268 confecta,
1192 3195 1226 3251 et

180 3287 362 3360 Ambrosii
379 3289 552 3362 Nicandri
569 3290 781 3390 Catalepsis3
800 3308 881 3363 tum
899 3289 1062 3390 praefatio
1077 3295 1225 3392 Heynii,

181 3401 310 3491 ludex,
330 3421 366 3474 et
379 3404 572 3503 Appendix
589 3409 662 3477 sive
677 3405 835 3478 Diatribe
854 3405 900 3477 de
918 3405 1012 3506 stylo
1032 3412 1174 3504 poetico
1191 3425 1226 3484 et

183 3521 411 3614 potissimum
429 3518 577 3592 Siliano.
594 3521 652 3592 Sic
665 3519 874 3593 absolvetur
888 3537 1009 3592 totum
1025 3519 1098 3592 hoc
1114 3547 1225 3620 opus,

184 3630 286 3727 quod
297 3631 362 3704 tibi
371 3634 577 3726 satisfaciat,
592 3635 705 3709 lector
715 3641 870 3734 optime,
882 3634 1115 3708 vehementer
1125 3654 1225 3736 opto.

186 3743 276 3814 Vive
286 3763 321 3816 et
336 3746 424 3819 vale.

788 3869 830 3938 N.
847 3867 886 3938 E.
902 3868 1119 3941 LEMAIRE.
