2930 4644
356 406 419 469 nn
442 403 561 470 sicu
584 403 698 468 turs
722 403 784 474 ΕΤ
806 403 1038 470 canutus.
1157 391 1218 486 ru

176 543 259 602 ribus
272 562 339 603 nou
353 543 492 618 defuere,
512 545 565 625 qui
579 543 626 604 vel
641 563 712 604 cum
731 544 797 626 ipsu
810 543 941 624 Virgilio
959 543 1047 605 illum
1064 565 1223 626 compara·

174 645 256 706 rent,
278 633 325 693 vel
345 647 424 694 certe
442 634 676 708 contenderent,
697 651 769 697 eum
787 635 921 715 puritate
938 635 1151 716 sermonisque¹
1165 635 1224 694 Ro·

176 724 262 782 mani
282 725 461 786 castimonia
483 724 562 786 nulli
583 724 709 785 illorum
729 723 849 799 cedere,
870 745 948 805 quos
966 745 1002 784 ea
1018 723 1066 786 vel
1085 725 1224 806 proxima

175 809 284 870 viderit
304 825 392 888 aetas,
413 814 477 873 imo
501 812 603 893 potius
625 831 674 872 eos
694 831 873 892 exsuperare
896 811 1114 891 universos(1),
1136 825 1178 886 et,
1199 811 1225 872 si

176 898 248 977 quid
272 899 349 962 desit
371 902 491 983 antiqui
514 902 638 976 nitoris,
658 900 689 961 id
714 900 822 983 majori
844 901 976 962 utilitate
996 900 1028 960 iu
1050 899 1115 962 aliis
1135 901 1225 960 rebus

175 1003 383 1067 compensare,
401 990 514 1072 quippe
530 990 584 1070 qui
601 987 758 1050 historiam
773 989 892 1070 egregie
907 987 1050 1062 illustret,
1066 1001 1096 1048 et
1110 986 1149 1054 ad
1163 986 1226 1067 ejus

175 1070 269 1136 fidem
285 1091 407 1140 tantum
423 1100 487 1140 non
503 1080 609 1140 omnia
627 1079 792 1160 scripserit,
813 1079 896 1141 unde
914 1079 946 1138 in
966 1075 1115 1138 historicis
1134 1077 1226 1138 etiam

175 1183 193 1222 a
210 1164 315 1226 Vossio
331 1166 488 1243 laudetur,
505 1167 590 1249 quod
607 1189 680 1228 sane
695 1167 801 1231 utilius
817 1168 868 1242 sit,
889 1188 983 1249 quam
1005 1164 1118 1229 fabulis
1137 1164 1228 1229 leuto-

177 1271 256 1327 rem,
269 1269 303 1314 ut
314 1257 423 1337 vulgus
435 1271 596 1340 poetarum
610 1258 717 1333 soleat,
730 1258 866 1321 detinere
875 1257 925 1336 (a).
939 1257 998 1320 Alii
1009 1270 1118 1317 contra
1133 1267 1227 1337 poetas

175 1340 416 1422 reprehendendi
431 1346 555 1426 ingenio
569 1365 638 1420 suo,
652 1358 696 1420 et,
711 1367 806 1426 quam
820 1346 948 1427 possint,
961 1345 1150 1407 acerbissime
1162 1362 1229 1426 per·

176 1432 346 1512 stringendi
359 1449 513 1496 certamen
525 1436 583 1496 sibi
596 1450 787 1499 sumserunt:
805 1457 941 1516 quorum
954 1436 1053 1497 oratio
1064 1431 1124 1497 huc
1137 1434 1229 1515 potis·

176 1520 288 1579 simum
301 1522 387 1582 redit.
406 1524 494 1587 Silius
508 1521 642 1586 historici
654 1525 750 1604 magis
766 1524 904 1606 partibus
919 1523 1114 1597 immutent,
1133 1543 1229 1603 quum
1248 1583 1253 1599 ,

177 1620 274 1688 poetae
295 1610 418 1691 ingenio
438 1633 492 1674 suo
516 1611 719 1693 indulgentis,
745 1625 774 1674 et
798 1626 877 1680 recte
899 1612 1018 1672 Plinius
1037 1606 1142 1694 majori
1162 1631 1229 1670 cum

177 1713 263 1766 cura,
282 1717 372 1775 quam
393 1700 509 1780 inperiis
529 1702 672 1782 scripsisse
690 1697 836 1762 adfirmat
853 1700 909 1781 Ep.
929 1699 987 1774 111,
1007 1698 1089 1780 7(3).
1109 1698 1173 1760 Etsi
1188 1695 1227 1758 ad

175 1783 312 1848 Maronis
324 1807 354 1846 se
365 1787 538 1870 exemplum
549 1803 765 1871 componeret,
782 1789 964 1869 neutiquam
976 1787 1027 1851 ille
1041 1787 1136 1856 divini
1151 1788 1229 1848 vatis

176 1870 304 1933 virtutes
320 1895 354 1934 ac
371 1875 558 1958 majestatem
574 1877 733 1938 adsecutus
748 1891 809 1938 est:
829 1878 891 1938 imo
906 1877 999 1948 etiam
1015 1875 1146 1938 inferior
1162 1897 1229 1936 non

177 1962 304 2022 Lucano
323 1965 431 2040 modo,
450 1966 611 2027 sedetiam
630 1967 776 2050 Papinio,
797 1966 918 2028 Valerio
937 1965 1062 2040 Flacoo,
1083 1980 1113 2025 et
1126 1963 1229 2047 junio·

177 2091 681 2171 Rossaeiintegerlih.l,Virgiliitrium·
724 2097 1229 2169 Gronovius,Cellarius,Crusius;qui-

179 2170 298 2241 phantis.
669 2221 671 2226 .
724 2179 775 2233 hus
791 2199 845 2232 uun
857 2179 982 2231 minimus
995 2177 1099 2230 accedit
1111 2177 1150 2230 Cl.
1164 2179 1229 2231 Bro-

211 2252 251 2324 (r)
276 2255 351 2308 Hanc
376 2257 483 2311 laudem
510 2263 561 2332 ipsi
587 2261 681 2315 tribuit
725 2261 782 2325 tier,
800 2260 850 2312 eui·
862 2256 940 2311 Silius
956 2260 984 2311 in
1001 2257 1113 2310 deliciis.
1128 2257 1229 2324 Quales

177 2333 254 2384 Voss.
269 2333 302 2387 de
314 2335 408 2390 histor.
422 2338 563 2410 lat.l,29.
725 2354 837 2407 autem,
860 2341 1008 2411 quantique
1033 2339 1061 2389 in
1088 2335 1172 2390 literis
1199 2335 1228 2390 hi

213 2411 253 2484 (a)
264 2417 304 2468 lta
312 2415 453 2484 judicabat
464 2419 561 2472 cellar.
576 2422 603 2471 in
614 2419 678 2472 diss.
727 2419 848 2477 athletas!
864 2419 928 2491 quid
937 2431 1031 2472 contra
1043 2431 1099 2469 tem
1111 2419 1228 2488 insignes

179 2489 212 2544 tle
224 2492 289 2545 Silio
298 2495 391 2546 ltalico
402 2497 427 2563 s.
445 2513 474 2548 12
488 2509 515 2548 et
528 2499 569 2551 13.
580 2499 682 2552 Confer
725 2503 798 2554 viros
812 2501 919 2552 effutiet
936 2498 1061 2552 barbara,
1070 2496 1127 2550 huc
1144 2499 1229 2556 nostri

180 2573 283 2624 Praefert.
305 2575 397 2626 [eleb.
421 2578 496 2644 cujus
519 2577 577 2630 huc
598 2579 682 2632 verbu
727 2582 942 2632 trinasutoruru
955 2577 1131 2630 trossulorum
1144 2590 1230 2628 cater-

181 2666 257 2703 sunt:
271 2675 282 2698 s
295 2653 410 2706 Dolehas
423 2653 546 2726 quidem,
558 2657 683 2710 eruditis·-
726 2677 773 2722 vs,
784 2659 828 2710 cui
838 2656 889 2724 nil,
902 2659 953 2709 nisi
966 2676 1015 2710 sua
1024 2657 1109 2708 futilis
1120 2655 1229 2720 levitas,

180 2731 246 2783 sime
256 2731 402 2800 Villosoui,
413 2749 438 2788 et
448 2738 504 2806 ipse
516 2753 623 2810 quoque
633 2736 683 2789 (lo-
727 2739 850 2809 risusque
857 2734 1014 2801 sardonius,
1021 2736 1128 2808 placere
1136 2748 1231 2808 potue*

181 2807 280 2877 lebam,
288 2812 517 2886 augebanturque,
524 2816 620 2887 quihus
628 2836 684 2870 non
728 2819 854 2870 riticum
870 2815 968 2869 talibus
982 2835 1014 2868 ne
1026 2817 1061 2866 ait
1074 2815 1137 2880 tihi,
1150 2833 1183 2866 ne
1196 2815 1231 2867 sit

181 2889 281 2963 rapida
290 2911 380 2960 mens,
389 2912 443 2946 non
456 2894 546 2948 obtusi
557 2895 683 2950 hebetes·
728 2897 792 2950 mihi
803 2895 918 2968 amplius
928 2893 1037 2948 bellum.
1051 2897 1173 2948 sinamus
1184 2913 1231 2946 nu·

181 2987 233 3044 que
245 2973 328 3025 animi
340 2991 447 3042 sensus,
463 2989 571 3048 poetam
584 2995 684 3033 cousu-
727 2994 774 3050 gas
784 2975 898 3029 blatiunt
909 2975 1074 3039 blaterones,
1085 2973 1182 3045 quihus
1193 2975 1232 3026 in·

178 3052 278 3118 larem,
289 3055 333 3105 cui
345 3056 464 3108 sincerus
477 3073 579 3123 urmo,
590 3076 684 3129 rupen
727 3059 881 3130 dulgentior
903 3058 1004 3110 Plinius
1025 3055 1147 3109 arborem
1169 3073 1229 3108 sus·

178 3132 328 3186 hissimisve
349 3153 404 3187 uon
424 3137 531 3209 ingrate
548 3135 682 3202 latinitas3
726 3139 827 3211 pendio
837 3137 988 3212 eligendam
997 3135 1177 3210 permittebat.
1187 3137 1230 3188 Ri-

179 3212 296 3283 grande,
313 3227 453 3284 ornatum,
469 3217 683 3288 copiosissimum
728 3217 809 3274 tlebnt
824 3222 925 3292 qnippe
936 3221 977 3272 vir
991 3219 1134 3283 maximus,
1146 3235 1229 3288 quum

179 3290 288 3344 dicendi
299 3311 397 3364 genus,
409 3295 624 3350 reconditissima
635 3295 683 3349 do·
728 3300 942 3354 invidietecretis
951 3298 1080 3354 cuniculis
1088 3298 1230 3370 ritaliape·

180 3375 280 3434 θῑῐῑῠθὶ
296 3376 343 3446 qui
359 3393 430 3440 nou,
446 3387 475 3427 ut
486 3375 630 3448 Virgilius,
644 3376 684 3428 la·
728 3395 798 3446 tere,
810 3379 945 3447 fodicare,
955 3397 1037 3432 suove
1049 3379 1141 3431 livoris
1150 3397 1230 3432 vene-

180 3464 285 3519 trones,
296 3452 506 3526 umbratilesqne
519 3468 621 3508 tantum
633 3474 683 3528 pu·
727 3480 763 3512 no
776 3463 877 3533 optima
895 3478 1006 3537 queque
1019 3459 1126 3512 inlicere
1140 3461 1229 3512 inten-

180 3533 315 3602 qnas,setl
325 3532 421 3586 heroas
432 3536 514 3586 totius
522 3533 594 3588 orbis
603 3538 682 3587 mxi·
724 3539 839 3592 debut·
861 3541 901 3591 En
920 3559 968 3590 cor
986 3538 1135 3592 Xenodotil
1153 3541 1227 3608 jecur

181 3629 253 3677 mos,
266 3610 414 3666 horrendas
429 3627 530 3688 strages
541 3617 680 3689 ipsiusque
725 3619 851 3672 Cratetis!
867 3619 945 3673 Conl.
959 3621 1039 3671 etiam
1055 3619 1167 3691 llapiui,
1179 3619 1230 3670 lte-

182 3691 271 3742 Romae
283 3711 368 3764 prope
383 3692 530 3766 desperate
546 3711 572 3748 et
587 3699 682 3748 trium-
718 3700 834 3778 flexione
846 3719 890 3754 sur
901 3698 927 3750 la
937 3700 1060 3772 po6tique
1076 3718 1101 3769 p.
1115 3717 1149 3750 na.
1167 3717 1230 3770 177,

184 3768 292 3840 phantis
307 3773 364 3826 lats
380 3773 459 3846 digne
475 3778 563 3844 canit,
580 3776 681 3830 adhuc·
726 3795 769 3848 et,
784 3782 872 3852 quiin
887 3779 992 3832 Fabric.
1007 3778 1073 3832 bibl.
1088 3777 1133 3830 lat.
1147 3781 1177 3832 T.
1191 3780 1229 3845 ll,

183 3847 248 3900 dum
256 3851 325 3904 mole
334 3871 455 3906 errorum
465 3857 564 3926 premi,
573 3857 680 3910 obrui...
727 3879 788 3933 pag.
804 3861 866 3930 173,
876 3858 1035 3925 laudantur,
1044 3857 1190 3931 Gundling.
1201 3861 1227 3911 in

183 3929 273 3998 lpsum
294 3945 365 3984 certe
384 3951 438 3984 non
460 3937 546 3986 minus
564 3935 683 4004 amabis,
726 3939 931 4010 Gundlinqianis
943 3941 970 3990 P.
984 3940 1045 4004 xu,
1059 3958 1082 3990 c.
1095 3956 1122 4007 t,
1136 3959 1164 4010 p.
1181 3940 1230 4007 rol

184 4025 266 4078 qnam
280 4011 423 4078 Martialis,
435 4013 610 4085 Pomponius,
625 4018 680 4070 lot.
726 4037 786 4092 sqq.
797 4020 856 4071 Nic.
867 4020 999 4072 Antonius
1010 4017 1077 4071 Bihl.
1088 4031 1139 4070 vet.
1152 4018 1228 4086 Hisp.

183 4087 315 4162 Scaligm,
331 4093 466 4158 Muretus,
482 4094 604 4162 Medius,
620 4097 683 4149 Lar-
726 4099 753 4166 1,
766 4099 813 4165 18,
826 4099 936 4170 aliique.

183 4173 282 4239 nutius,
291 4172 410 4242 Vossius,
421 4173 682 4242 Heinsinqlluatins,
762 4175 801 4250 (3)
812 4179 852 4232 Gi.
866 4178 971 4232 Fabric.
984 4174 1052 4228 Bihl.
1064 4173 1112 4226 lat.
1124 4171 1141 4224 Ι.
1157 4191 1181 4223 c.
