2872 4644
449 343 451 348 ⁵
481 391 809 458 ARGUMENTA.

559 555 660 596 timu
684 553 729 593 tx.

198 668 332 730 Demens
344 671 377 729 in
388 691 528 754 pugnam
540 670 617 730 furit
626 667 679 730 hic
690 682 720 730 et
732 667 860 728 vulnere
871 651 985 739 Varro,

159 757 309 834 Quamvis
320 758 427 820 infelix
439 762 572 822 Solimus
584 761 755 821 monuisset
767 757 892 818 abunde

159 847 347 927 Varronem,
358 853 487 934 proprio
501 853 628 934 signatis
642 851 793 932 sanguine
804 847 885 908 fatis.

158 936 357 1000 Concurrunt
368 943 463 1024 igitur
474 943 563 1012 Poeni
575 942 732 1022 fortesque
744 938 848 999 Latini

116 1083 124 1100 ,
158 1025 280 1109 Ingenti
292 1028 431 1107 fremitu,
444 1052 630 1113 summoque
642 1029 754 1092 ardore
765 1030 915 1088 virorum.

157 1116 221 1176 Stat
231 1140 289 1201 pro
302 1121 440 1182 Sarranis
452 1122 623 1183 obtendens
635 1121 734 1204 aegida
746 1118 862 1192 Pallas,

157 1205 239 1282 Mars
252 1228 310 1290 pro
323 1210 472 1270 Romanis
483 1209 595 1271 infesta
607 1209 749 1292 fulgurat
759 1204 862 1283 hasta,

147 1293 367 1378 Scipiadaeque
378 1320 476 1360 mauu
488 1298 676 1359 fabricatum
689 1295 822 1382 porrigit
832 1313 936 1354 ensem
996 1323 999 1332 >

157 1382 272 1444 Incude
284 1387 416 1464 AEtnaea;
429 1389 527 1471 magis
540 1389 627 1448 ardet
639 1389 786 1469 Gorgone
798 1383 909 1446 Palles.
1002 1427 1005 1435 ι

157 1472 265 1533 Donec
276 1476 439 1538 caeruleam
450 1477 585 1538 demittit
596 1477 718 1559 Jupiter
729 1476 820 1549 lrim,

158 1559 199 1618 Ut
210 1581 282 1621 cum
293 1563 446 1626 fulminea
458 1576 580 1626 revocet
590 1563 753 1625 Tritonide
764 1563 906 1622 Martem.

158 1645 350 1711 Vulturnum
362 1654 474 1714 emittit
486 1652 647 1735 rapidum,
660 1653 787 1714 Junone
797 1649 935 1722 volente,

158 1734 277 1813 AEolus,
289 1739 435 1801 adversos
447 1740 510 1801 ruit
521 1761 589 1800 acer
601 1739 716 1800 Paulus
728 1739 763 1799 in
775 1737 890 1813 hostes,

159 1821 251 1883 Foede
262 1823 370 1887 laxatis
382 1838 414 1888 at
425 1830 525 1889 Varro
537 1825 619 1912 fugit
631 1825 771 1888 habenis.
951 1823 961 1832 “

567 1992 672 2033 Linus
695 1991 723 2030 Χ.

196 2105 281 2167 luter
290 2105 421 2170 funestae
433 2131 499 2174 non
510 2129 659 2192 prospera
672 2119 814 2190 tempora
826 2124 954 2188 pugne,

157 2198 398 2282 Cannarumque
411 2199 490 2262 altos
501 2215 532 2260 et
542 2199 621 2262 latos
634 2199 744 2280 stragis
757 2217 883 2259 acervos

157 2284 310 2346 Obruitur
320 2288 449 2366 Paulus,
463 2288 649 2350 coeuntibus
660 2286 800 2368 undique
810 2285 887 2346 telis.

156 2373 284 2436 Sedibus
295 2373 370 2438 hinc
381 2379 481 2440 tacitis
493 2379 645 2461 placitum
656 2377 800 2438 Saturnia
812 2395 960 2436 somnum

157 2461 288 2538 Evocat,
299 2479 336 2523 ut
343 2464 491 2546 juvenem
502 2467 655 2525 victorem
665 2483 683 2522 a
695 2462 851 2524 moenibus
864 2461 949 2520 urbis

159 2551 276 2610 Areeat„
290 2552 463 2634 mugiens
475 2554 672 2614 Canusiuum
683 2552 772 2612 miles
785 2553 819 2610 iu
831 2571 942 2631 agrum

159 2637 355 2719 Conligitur:
369 2643 470 2723 placet
481 2642 588 2702 exsilio
601 2651 722 2702 mutare
733 2638 893 2700 labantem

160 2727 332 2788 Ausoniam
343 2731 438 2812 pubi,
449 2729 565 2814 pavido
577 2727 724 2791 suadente
736 2727 875 2790 Metello.

160 2813 218 2873 Sed
230 2818 371 2896 quatiens
382 2819 522 2901 gladium
534 2819 696 2881 flammata
706 2819 809 2902 Scipio
822 2817 941 2890 dextra,

160 2904 233 2964 Nou
245 2905 418 2971 deserturos
430 2911 564 2992 patriam
573 2908 680 2992 jurare
691 2910 801 2991 coegit.

160 2992 280 3053 Interea
292 2993 425 3057 celebrat
435 2998 564 3059 laudato
576 2996 688 3059 funera
700 2997 798 3058 Paulo

159 3081 336 3159 Hannibal,
348 3098 379 3145 et
388 3084 482 3145 Marti
494 3097 654 3147 scutorum
667 3084 807 3146 incendit
818 3104 951 3144 acervos.

160 3172 256 3231 Fama
268 3170 343 3232 mali
354 3174 435 3234 tanti
446 3174 564 3234 tristem
576 3171 652 3232 levis
664 3172 791 3234 advolat
801 3172 927 3248 urbem,

160 3261 200 3321 Et
210 3260 291 3323 redit
302 3263 414 3324 ambso
424 3261 557 3344 jactatus
568 3262 668 3322 milite
680 3263 789 3325 Varro.

563 3425 664 3466 lelll
686 3426 733 3466 11.

201 3547 335 3631 Adcepta
348 3545 388 3607 ad
400 3547 523 3608 Cannas
533 3547 624 3610 ferali
636 3549 723 3610 clade
736 3563 894 3625 cruentas,

163 3636 236 3696 Mox
247 3637 384 3718 sequitur
395 3637 506 3720 populi
518 3636 649 3699 defectio
661 3637 745 3699 foeda
756 3639 860 3700 Latini

164 3723 209 3783 Ad
220 3723 306 3806 Tyrii
316 3736 381 3784 tsm
393 3723 493 3786 fausta
504 3723 591 3786 ducis
602 3728 868 3809 memorandaque
880 3739 985 3788 castra.

163 3816 202 3875 dt
213 3813 319 3895 Capua
331 3817 487 3898 inprimis,
499 3817 591 3878 rebus
603 3817 727 3878 sufflata
739 3818 895 3895 secundis,

163 3903 243 3962 Ausa
253 3899 315 3962 fuit
325 3917 442 3985 partem
454 3907 567 3966 summi
580 3907 639 3967 sibi
652 3927 776 3990 poscere
784 3906 877 3990 juris,

162 3992 202 4050 Et
214 3987 324 4070 rejecta
335 4011 404 4052 suas
416 3994 526 4054 victori
539 3996 673 4078 pandere
686 4009 805 4079 portas,

162 4078 265 4138 Invito
277 4089 306 4138 et
317 4076 431 4140 frustra
443 4081 537 4143 Decio
549 4081 735 4164 prohibente
746 4081 893 4144 furorem.

160 4165 219 4227 llic
232 4185 330 4248 quum
344 4166 423 4229 inter
434 4189 554 4230 mensas
565 4173 787 4254 Campanaque
798 4171 911 4254 pocula
924 4169 1020 4226 victor
