2872 4644
235 373 296 438 502
626 371 881 439 PRAEFATIO

232 518 299 591 cita,
314 525 416 593 κείω,
429 517 567 580 notiones
580 525 610 578 et
620 517 779 604 opiniones
790 513 960 596 itttbibeta't,¹
973 531 1107 586 enecet
1120 515 1212 581 enim
1222 514 1284 579 hnc

227 625 346 719 judicii
358 627 564 696 imbecillitas
575 651 690 695 ornnes
705 651 820 696 sensus
831 647 865 696 et
876 631 1022 698 allectus
1039 629 1218 708 liberales,
1233 627 1284 693 tol·

231 746 271 812 lit
287 747 493 830 facilitatem,
512 748 765 838 indulgentiam,
783 750 1025 840 integritatem,
1046 767 1218 842 provocat
1232 751 1286 812 iras

234 876 268 925 et
277 859 354 928 odia
363 862 499 944 inalios,
511 863 567 953 qui
576 862 848 953 locupletioribus
858 886 969 932 rernm
979 865 1121 932 uotiuis
1132 860 1287 936 instructi,
1372 865 1373 870 ’

234 973 278 1045 de
290 978 343 1057 iis,
356 1001 431 1069 quae
443 981 497 1044 alii
510 1003 571 1069 pro
584 981 758 1070 exploratis
769 979 907 1064 babent,
921 999 977 1048 aut
989 983 1163 1048 dubitant
1174 995 1233 1045 aut
1242 977 1291 1041 ali-

234 1109 286 1158 ter
297 1110 453 1163 statuunt.
468 1097 539 1162 Hoc
549 1114 598 1164 est
608 1098 706 1166 etiam
716 1097 813 1179 illud,
827 1100 919 1188 quod
928 1102 1016 1166 viros
1027 1097 1216 1164 interdum
1225 1117 1291 1159 acu-

236 1209 379 1276 tissimos
391 1211 470 1278 fecit
481 1213 658 1302 proclives,
672 1231 709 1280 ut
721 1235 774 1294 ea,
789 1233 862 1304 quae
872 1230 929 1282 aut
938 1216 1000 1303 ipsi
1014 1213 1290 1300 excogitaverant

236 1339 293 1390 out
310 1345 350 1388 err
366 1325 619 1414 praevalentibus
638 1328 799 1420 cujusque
821 1329 933 1394 saeculi
950 1329 1085 1418 placitis
1108 1343 1145 1392 et
1165 1321 1290 1390 assertis

235 1438 1289 1534 arripuerant,autinnovumordinemredegerant,subtiliaper
1372 1435 1373 1494 l

236 1575 272 1618 se
283 1575 321 1622 ec
330 1557 501 1644 praeclare,
514 1560 574 1625 toti
584 1564 697 1648 generi
705 1559 853 1625 humano
864 1559 1061 1640 obtrudere,
1075 1575 1114 1626 et
1127 1546 1290 1648 quidquid
1372 1591 1373 1594 ¹

238 1687 288 1734 est
299 1673 486 1740 mortalium
502 1674 537 1738 in
551 1697 625 1740 snas
641 1689 750 1763 partes
765 1673 898 1738 obtorto
910 1673 996 1739 collo
1007 1671 1215 1762 pertrahere
1227 1661 1288 1726 rel·
1372 1739 1373 1742 Ἴ

236 1781 1290 1878 lent:quumnonpensitnrent,quaeipsiacutecogitassentacn-

237 1881 301 1966 titis
315 1901 412 1966 etiam
424 1901 534 1968 verbis
546 1903 751 1983 extulissent,
767 1925 835 1970 non
849 1903 1029 1968 convenire
1043 1901 1111 1968 nisi
1127 1901 1169 1964 iis
1183 1895 1239 1988 qui
1251 1890 1287 1955 fil)

239 2013 355 2082 eadem
374 2015 548 2106 disciplina
567 2035 677 2086 essent
695 2022 874 2111 progressu
895 2019 1078 2086 adsensum
1094 2033 1285 2085 commentam

238 2153 303 2195 esse
326 2133 501 2198 reuocanda
520 2158 575 2213 ea,
598 2136 828 2227 pneumatibus
849 2132 1022 2214 ordinibus,
1045 2161 1119 2228 qua
1142 2155 1208 2200 nort
1233 2127 1285 2192 ee

239 2245 329 2316 modo
344 2249 548 2340 popularibus
567 2264 623 2316 aut
638 2251 821 2344 equolibne,
841 2251 896 2316 sed
912 2251 984 2316 alit's
1002 2271 1131 2342 quoque
1152 2243 1283 2314 neamus

239 2385 276 2428 at
291 2363 416 2454 populis
431 2367 575 2457 probari,
594 2391 665 2460 que
678 2368 802 2459 petblice
818 2389 855 2431 oo
871 2365 964 2456 vulno
983 2367 1071 2432 utilio
1089 2361 1286 2432 reinberto

238 2499 302 2544 esee
315 2480 400 2546 uelis.
416 2481 466 2548 Ab
481 2483 543 2548 istu
558 2485 723 2572 opinionis
739 2481 964 2550 imbecillitate
977 2481 1109 2547 liberari
1124 2499 1227 2546 nemo
1241 2474 1282 2538 fa·

238 2595 301 2662 cile
309 2614 428 2684 potest,
437 2599 495 2689 qui
504 2623 571 2665 non
579 2597 786 2666 diversorum
795 2615 995 2687 temporum,
1005 2597 1227 2684 inprimisque
1234 2609 1283 2652 an·

223 2688 435 2797 'tiquiorum‚
443 2711 583 2803 judicia,
596 2713 785 2801 opiniones,
797 2733 921 2792 mores,
935 2712 1129 2800 cognoverit
1138 2733 1178 2776 ac
1189 2721 1280 2795 repu-

238 2830 365 2900 neverit.
374 2829 518 2896 Eteaest
528 2830 695 2918 praecipue
704 2828 813 2918 aliqua
824 2827 961 2907 utilitas,
973 2847 1075 2916 quam
1085 2848 1124 2892 ex
1134 2837 1279 2891 veterum

238 2942 436 3031 scriptorum
451 2944 594 3010 lectione
609 2945 765 3033 colligere
779 2941 907 3021 licebit,
923 2943 949 3007 si
963 2958 1056 3008 recto
1070 2963 1148 3007 cum
1157 2931 1280 3032 judicio

238 3074 296 3124 aut
307 3056 410 3124 ductu
421 3059 476 3123 illa
488 3061 636 3125 instituta
649 3060 760 3124 fuerit.
776 3059 909 3122 Nemini
922 3060 966 3123 ita
980 3057 1077 3123 facile
1090 3057 1277 3124 inanimum

237 3175 364 3253 reniet,
382 3175 409 3239 si
425 3197 464 3240 ea
478 3179 661 3267 exceperis,
682 3195 756 3264 quae
770 3192 886 3240 sensus
901 3195 1017 3240 omnes
1031 3171 1184 3238 homines
1197 3180 1278 3234 cont·

238 3290 348 3358 munis
362 3289 474 3369 docet,
489 3293 665 3382 excogitari
677 3313 775 3380 posse
786 3289 928 3381 aliquid,
941 3290 1048 3355 multo
1060 3288 1170 3353 minus
1182 3278 1272 3351 subti-

237 3403 300 3472 lius
311 3405 447 3496 aliquod
459 3407 632 3496 placitum,
646 3404 738 3494 quod
751 3406 811 3472 toti
824 3407 937 3495 generi
949 3404 1112 3484 humano,
1125 3423 1168 3466 ne
1180 3393 1275 3466 omnl-

234 3519 299 3590 bus
311 3521 447 3611 quidem
459 3547 520 3615 per
527 3524 651 3588 litteras
661 3501 735 3588 suas
746 3519 899 3611 expolitis
908 3518 1056 3610 populis,
1068 3533 1237 3584 assensum
1245 3517 1274 3572 el

236 3638 508 3727 suffragationem
521 3655 724 3727 extorquent.
737 3634 962 3722 Quamobrem
974 3651 1130 3725 proestare
1141 3630 1273 3698 videtur.

225 3753 277 3842 ¹si,
298 3753 355 3843 qui
371 3753 505 3841 publice
521 3751 614 3818 utilia
629 3751 767 3818 tradere·
778 3751 935 3832 voluerit,
955 3750 1040 3815 intra
1057 3769 1129 3812 eam
1147 3743 1273 3810 societt-

233 3883 317 3947 tom,
335 3870 368 3933 in
382 3890 447 3958 qua
459 3869 553 3950 vivit,
572 3890 608 3934 se
622 3871 805 3949 contineat,
825 3884 858 3932 et
871 3865 998 3946 rideat,
1018 3887 1117 3954 quatu
1132 3856 1274 3948 ingenio·

231 4001 322 4060 rum,
340 3997 374 4044 et
390 3980 496 4048 multo
514 3984 617 4070 magis
634 4003 781 4060 morum,
800 3980 1070 4046 emendationem
1086 3975 1184 4040 bonis
1202 3991 1274 4059 pra·

230 4093 343 4178 ceptis,
352 4107 441 4160 recta
448 4092 659 4164 institutione
667 4113 701 4163 et
709 4117 824 4164 sensus
833 4096 1020 4161 communis
1028 4087 1269 4159 confirmatione
