2930 4644
268 369 331 452 ⁴70
593 363 978 430 oouunnrsrro

265 521 295 572 et
309 517 431 587 accepta
448 503 606 580 referrem,
623 507 748 564 monui:
766 525 841 566 nam
856 504 995 566 aliorum
1014 503 1139 564 scrinia
1154 500 1328 584 compilare.

264 611 295 658 et
308 598 404 657 instar
417 593 534 676 graculi
549 594 687 677 superbi,
704 595 814 676 pennis
830 595 959 676 pavonis
972 595 1148 668 exornati,
1164 591 1271 654 alienis
1283 591 1329 648 hc

266 685 313 746 nis
327 684 472 766 gloriari,
487 683 581 766 longe
595 705 613 742 a
630 683 767 744 moribus
783 684 983 766 sensibusque
1001 686 1087 744 meis
1104 680 1267 744 abhorret.
1280 677 1327 736 Sad

265 773 340 836 furti
354 773 470 836 invidia
484 772 560 834 mihi
571 773 764 857 deprecanda
776 787 834 849 est,
846 776 871 836 si
882 776 951 856 quis
964 775 1055 836 forto
1067 771 1254 834 obfendcrit
1264 787 1331 828 non

264 863 366 940 nulla,
379 864 427 924 vel
439 863 578 944 vulgaria
589 877 619 922 ct
631 863 758 924 eruditis
771 876 851 926 ccrtc
862 862 1055 926 hominibus
1065 862 1256 934 notissima,
1267 875 1329 936 quw

263 949 358 1032 igitur
378 951 468 1012 facile
488 952 631 1032 pluribus
650 967 757 1034 sponte
775 954 808 1014 in
829 967 965 1014 mentem
983 951 1138 1014 incidere
1160 958 1287 1032 poseant
1304 959 1330 1002 et

264 1039 338 1102 hinc
352 1063 370 1102 a
384 1041 524 1123 pluribus
537 1061 660 1124 quoque
673 1055 781 1104 ncuta
792 1055 879 1118 sunt,
893 1043 942 1102 rel
956 1045 1071 1104 minus
1086 1041 1205 1112 obvia,
1219 1055 1286 1117 qnae
1295 1033 1330 1091 ab

264 1128 332 1190 aliis
347 1129 413 1210 jam
434 1129 546 1190 alicubi
564 1129 722 1190 observata
740 1131 933 1192 meninerit:
953 1151 1070 1192 omnes
1088 1129 1180 1188 enim
1199 1127 1326 1184 virorum

265 1220 429 1282 doctorum
443 1219 537 1280 libros
550 1230 579 1280 et
593 1220 845 1294 commentarios,
857 1221 911 1302 qui
925 1220 964 1281 ad
976 1221 1051 1281 loca
1067 1216 1224 1299 quasdam
1238 1221 1328 1295 poete

266 1310 361 1376 nostri
373 1307 557 1370 illustranda
568 1306 683 1389 aliquid
696 1307 837 1369 conferre
846 1310 978 1390 possint,
993 1309 1106 1389 legere
1118 1304 1325 1386 negotiorum,

266 1398 378 1480 quibus
388 1397 550 1472 distineor,
565 1396 746 1472 multitudo,
761 1412 791 1458 ct
802 1395 879 1458 milri
891 1418 1097 1480 comparare,
1113 1395 1162 1454 rei
1172 1387 1327 1452 familiaris

265 1490 406 1568 angustia
423 1484 575 1569 prohibet.

300 1578 377 1637 'Non
393 1575 502 1638 dubito
514 1589 636 1649 tamen,
655 1569 721 1634 fora
734 1573 919 1658 permultos,
938 1577 992 1657 qni
1006 1577 1040 1635 in
1056 1593 1163 1657 opera
1183 1588 1252 1630 moa
1265 1565 1324 1624 brt·

265 1665 406 1739 vitatem,
417 1663 568 1744 insignem
578 1662 750 1744 interpretis
759 1661 919 1738 duratam,
930 1661 1132 1744 potissimum
1142 1654 1321 1720 desiderent,

266 1766 296 1816 et
312 1752 451 1814 camdem
470 1753 534 1814 fere
551 1751 718 1814 verborum
732 1751 919 1825 ubenatem,
939 1750 978 1812 dc
996 1773 1058 1834 qua
1073 1763 1209 1836 poetam
1225 1759 1320 1803 meum

268 1841 425 1915 adomari,
446 1837 523 1900 mihi
544 1839 737 1922 exprobrent.
758 1839 863 1920 Neque
884 1836 1034 1914 diffiteor,
1056 1859 1112 1900 ma
1130 1833 1247 1920 passim
1266 1847 1323 1887 mo·
1401 1834 1403 1910 l

268 1932 385 2005 unisse,
404 1949 474 2010 quas
488 1931 593 1998 tenuia
607 1943 637 1990 et
651 1927 792 2010 vulgaria
804 1927 901 1989 videri
915 1931 1033 2011 possint
1045 1929 1125 1990 viris
1139 1924 1251 1994 doctis,
1273 1915 1320 1975 ha·
1402 1923 1403 1990 l

268 2041 339 2080 rum
356 2039 460 2080 rerum
473 2017 725 2100 intelligentibus
742 2017 799 2078 Sed
815 2019 954 2100 primum
969 2017 1046 2079 milri
1061 2019 1107 2078 ita
1122 2013 1318 2077 constitutum

268 2119 348 2182 erat,
369 2119 513 2188 utquam
528 2105 669 2187 plurimis
682 2105 872 2189 prodessem,
889 2121 924 2168 ut
933 2107 1087 2168 omnibus
1099 2101 1317 2168 eadsfsoerems

268 2209 299 2258 et
319 2211 353 2256 ut
374 2194 517 2276 qnaedam
537 2215 603 2257 non
624 2193 700 2256 adeo
717 2196 883 2258 decenario
902 2197 1042 2278 inrepere
1062 2195 1212 2267 mallem,
1232 2203 1317 2268 quam

269 2285 371 2346 omitti
384 2306 420 2346 sc
439 2284 553 2366 negligi
567 2287 749 2359 neccssaria,
770 2297 801 2346 ct
814 2281 886 2346 huic
904 2284 953 2345 vel
971 2285 1015 2344 illi
1033 2287 1097 2346 sive
1118 2283 1250 2346 obscura
1263 2275 1316 2335 sire

268 2375 392 2456 ignota,
407 2393 476 2455 quas
490 2372 637 2436 illustrari
654 2393 720 2434 non
734 2374 876 2434 omniunt
888 2374 1030 2455 quidem,
1047 2373 1099 2434 sad
1114 2363 1314 2456 quorumdam
1403 2398 1404 2421 κ

270 2478 376 2524 menen
394 2462 546 2524 lectorum
563 2463 727 2524 interesset.
746 2461 865 2523 Deinde
887 2459 945 2524 hac
963 2475 1053 2524 tetste
1070 2478 1196 2534 nostra,
1217 2452 1312 2538 quain

270 2565 374 2628 unta,
397 2572 466 2634 quae
484 2549 633 2633 jactatur,
656 2549 817 2614 literarum
839 2552 906 2612 luce
928 2571 1049 2612 summa
1071 2573 1179 2612 rerum
1200 2543 1312 2606 utilium
1402 2551 1403 2570 ³

272 2637 1053 2726 ignorantiaindieslongipsserpitctdiliunditur‚
1066 2640 1314 2702 infiniurumar
1401 2637 1402 2649 *

271 2746 334 2794 tom
346 2753 451 2794 rerum
465 2731 583 2792 notitias
598 2729 645 2791 vel
659 2730 762 2795 crudas
777 2729 826 2790 rel
841 2729 964 2792 inutiles
976 2743 1007 2790 et
1020 2732 1119 2792 norioe
1134 2731 1227 2790 latins
1238 2737 1310 2804 spor

270 2833 402 2902 guntur,
415 2841 491 2902 qun,
506 2821 560 2900 qui
574 2819 748 2902 disciplinas
762 2819 905 2895 tradunt,
920 2820 961 2880 ab
976 2822 1063 2880 omni
1077 2819 1245 2882 subtilitate
1257 2809 1313 2870 det·

272 2913 403 2985 ciccum,
424 2923 468 2984 et,
489 2911 544 2990 qui
566 2909 602 2970 iia
622 2907 814 2970 addiscendis
836 2929 965 2990 operam
987 2908 1061 2970 darc
1081 2909 1179 2970 rideri
1200 2901 1307 2994 volunt

271 2999 501 3078 angustioribus
509 2998 677 3077 quotannis
687 2996 825 3058 terminis
834 2995 934 3059 studia
943 2995 1215 3067 circumscribunt,
1224 2996 1310 3050 etun·

270 3088 390 3148 litatem
402 3088 670 3169 prostantinmque
682 3086 785 3150 omnis
798 3086 946 3148 doctrinas
960 3085 1094 3148 liberalis
1105 3087 1197 3146 unice
1205 3085 1306 3164 ΨΜ]

271 3187 301 3239 ct
315 3173 416 3247 lucro,
433 3173 518 3254 quod
534 3195 569 3236 cx
583 3195 619 3235 ea
633 3173 732 3236 facere
745 3173 875 3256 possint,
895 3173 1080 3247 metiuntur,
1094 3192 1157 3254 qua
1171 3172 1205 3230 in
1219 3168 1308 3258 locunt

273 3273 421 3322 accuratu
438 3273 468 3322 ct
480 3261 583 3324 aolidae
597 3261 791 3336 cruditionis,
807 3260 952 3341 adquam
968 3258 1098 3340 majores
1112 3259 1210 3320 nostri
1223 3251 1308 3329 αἰψ’·

272 3349 400 3425 rabant,
412 3348 518 3432 jejuna
533 3363 564 3411 et
577 3351 723 3432 insipiens
735 3350 886 3434 sapientis
899 3347 1058 3410 succedere
1068 3348 1175 3430 coepit,
1197 3359 1224 3406 et
1234 3342 1307 3417 infit·

273 3439 325 3500 nia
343 3438 418 3500 luxu
438 3449 582 3498 enervata
602 3435 649 3498 rel
670 3437 749 3512 otio,
771 3439 876 3519 nugis,
900 3437 991 3498 rebus
1009 3435 1132 3496 ludicris
1147 3431 1308 3507 deliciitqlle

274 3539 451 3609 pascuntur,
462 3541 491 3586 ct
500 3525 675 3608 praestigiis,
685 3525 850 3607 pigmentis
860 3525 1078 3606 lenociniisque
1087 3523 1222 3584 blandiri
1230 3527 1306 3594 seque

273 3616 430 3677 insinuare
444 3627 565 3690 amant,
582 3613 630 3674 vel
646 3614 686 3674 ob
701 3614 751 3690 iis,
767 3635 837 3697 quac
854 3615 996 3696 cognosci
1008 3627 1136 3696 possum
1147 3611 1305 3672 sedeunt,

274 3703 314 3764 ad
329 3703 458 3785 puerilis
473 3703 673 3764 deliramenta
686 3723 738 3764 seu
753 3725 856 3764 rernm
873 3717 1017 3787 portenta
1032 3723 1068 3764 ac
1083 3713 1234 3775 monstra,
1249 3707 1304 3776 quoe

273 3792 404 3874 intelligi
418 3813 474 3856 nec
488 3793 558 3854 licet
574 3813 630 3856 noc
645 3794 781 3879 prodest,
795 3793 975 3870 dellcctunt;
989 3793 1061 3869 hac,
1076 3794 1219 3875 inquam,
1233 3795 1306 3851 aeute

274 3882 435 3948 sexcenties
452 3882 530 3946 milri
544 3905 602 3946 usu
620 3886 719 3962 venit,
740 3899 856 3948 utnon
872 3884 999 3968 juvenes
1016 3897 1153 3951 tantum.
1177 3881 1228 3942 scd
1243 3881 1305 3962 ipo

273 3975 366 4034 etiam
380 3993 489 4034 eorum
502 3974 664 4057 magistros
677 3977 710 4038 in
726 3975 762 4036 iis
777 3973 908 4049 haerere,
924 3996 1020 4057 eaque
1034 3973 1080 4033 vel
1098 3975 1255 4056 ignorare,
1268 3959 1305 4026 vtl

274 4082 338 4125 non
352 4061 423 4122 satis
439 4065 596 4145 perspicue
608 4077 639 4124 et
654 4077 793 4126 accurate
805 4063 954 4145 explicare
970 4063 1117 4138 viderem,
1132 4079 1203 4142 qun
1216 4069 1305 4119 mmet

275 4145 375 4208 facilia
389 4148 484 4230 iisque
498 4153 654 4215 nausims
667 4164 821 4234 putaram.
837 4153 944 4234 ltaque
958 4151 1031 4232 quid
1046 4151 1090 4212 illi
1104 4150 1216 4212 scirent
1229 4159 1257 4208 ct
1269 4145 1304 4204 in·
