2930 4644
297 435 298 438 ’
390 417 452 482 DE
475 417 593 483 still
614 415 730 481 VITA
755 417 816 481 ET
839 416 1069 488 CARMlNE.
1189 421 1252 504 405

249 553 353 616 Studio
364 579 436 639 crgo
451 559 547 620 italici
561 559 656 620 nostri
670 559 929 641 contemplamur,
946 560 983 622 de
1002 563 1112 644 quibus
1127 565 1252 625 Martia·

207 637 245 699 lis
257 643 352 725 epigr.
368 648 439 724 Vll,
453 648 502 710 63.

348 773 427 828 Sacra
437 777 591 831 cothurnati
600 797 654 830 non
665 777 759 848 adtigit
769 790 831 830 ante
840 777 974 846 Maronis,

382 857 496 928 Inplevit
506 859 594 930 magni
604 877 683 930 quam
693 859 829 910 Ciceronis
840 876 916 930 opus.

204 965 320 1047 Magna
339 992 412 1034 sane
432 972 498 1036 haec
515 975 582 1036 laus
600 987 660 1049 est,
679 995 742 1046 non
756 975 812 1034 sibi
826 996 946 1058 sapere,
967 990 1021 1035 aut
1040 989 1137 1036 artem
1150 998 1184 1036 ex
1195 998 1249 1038 suo

203 1054 376 1138 confingere
402 1063 539 1145 ingenio,
567 1065 673 1148 spretis
699 1077 836 1126 veterum
864 1077 930 1124 tarn
957 1065 1131 1147 praeceptis,
1157 1086 1250 1145 quam

202 1146 360 1228 exemplis:
386 1151 436 1212 sed
461 1152 618 1216 ductorem
639 1154 791 1234 optimum
813 1153 913 1232 sequi,
937 1165 966 1212 et
987 1151 1068 1233 quod
1091 1151 1156 1211 aliis
1176 1152 1253 1212 bene

201 1231 302 1307 cessit,
320 1234 451 1313 imitari,
470 1241 559 1322 quia,
580 1241 634 1301 etsi
656 1242 690 1300 in
711 1238 904 1322 philosophia
922 1241 1080 1320 ingenium
1104 1239 1203 1299 valeat
1221 1252 1251 1300 et

200 1322 319 1384 novitas
337 1325 534 1390 inventorum
555 1343 691 1404 ametur,
711 1328 815 1411 dispar
835 1341 939 1390 tamen
962 1350 1008 1389 res
1028 1329 1169 1388 oratoriae
1189 1340 1250 1402 est,

199 1411 301 1471 necin
315 1434 351 1474 ea
365 1414 525 1496 proficitur
538 1418 628 1494 bene,
648 1419 754 1479 nisiex
771 1419 941 1480 imitatione
955 1419 1167 1499 antiquorum.
1188 1417 1251 1476 Silii

199 1509 288 1558 aetate
301 1515 479 1581 praestantes
491 1520 625 1567 oratores
639 1527 703 1566 non
717 1506 896 1582 defuerunt,
914 1528 989 1588 quos
1006 1507 1048 1568 ita
1065 1505 1158 1567 coluit
1175 1506 1250 1566 aesti-

198 1587 368 1668 movitque,
392 1607 427 1653 ut
448 1595 592 1655 omnibus
614 1608 719 1655 tamen
742 1596 935 1669 Ciceronem,
963 1595 1016 1676 qui
1040 1606 1247 1676 precesserat,

198 1674 371 1739 anteferret.
391 1680 461 1757 Quo
479 1695 684 1766 consequutus
702 1695 760 1758 est,
780 1697 815 1744 ut
833 1703 971 1744 summus
989 1697 1093 1742 orator
1109 1682 1248 1742 evaderet

198 1763 275 1842 ipse,
294 1765 429 1828 multum
446 1771 479 1831 in
498 1769 580 1845 foro,
602 1769 736 1830 multum
756 1771 788 1830 in
807 1761 1021 1831 centumvirali
1037 1767 1153 1850 judicio
1175 1789 1247 1830 cum

195 1849 292 1930 gloria
304 1869 447 1919 versatus.
462 1858 613 1920 Martialis
625 1859 706 1920 dicto
718 1860 814 1941 epigr.
827 1859 868 1920 de
880 1858 1004 1920 codenu

336 1981 413 2032 Hunc
423 1984 535 2035 miratur
545 1982 634 2035 adhuc
644 1995 750 2035 centum
759 1985 847 2054 gravis
857 1983 934 2036 hasta
945 1963 1079 2038 virorum.

368 2061 445 2112 Hunc
455 2062 576 2134 loquitur
581 2075 661 2134 grato
671 2061 802 2133 plurimus
813 2079 861 2114 ore
870 2062 963 2114 cliens.

232 2165 370 2230 Poeticen
382 2167 502 2251 juvenis
516 2173 638 2234 didicit:
653 2174 767 2248 senior,
781 2171 945 2232 defunctus
957 2173 1133 2242 consulatu,
1146 2175 1244 2256 magis

191 2255 333 2334 excoluit,
353 2261 518 2344 Virgilium
537 2285 600 2346 pne
618 2264 721 2324 ceteris
740 2260 906 2336 imitando,
928 2281 991 2320 non
1010 2261 1114 2322 minus
1132 2263 1245 2343 princi·

194 2365 263 2426 pem
284 2347 317 2407 in
336 2349 428 2430 ligata
447 2353 600 2428 oratione,
619 2373 713 2434 quam
729 2351 834 2412 Cicero
848 2349 908 2412 fuit
923 2351 955 2410 in
970 2350 1078 2410 soluta.
1099 2351 1157 2410 Hic
1173 2373 1245 2434 ergo

193 2434 299 2512 etiarn,
316 2439 369 2519 qui
383 2443 518 2522 optimus
530 2455 610 2516 erat,
626 2461 722 2523 quam
737 2439 848 2513 alium,
865 2439 971 2499 sectari
987 2439 1111 2512 maluit,
1125 2443 1244 2522 egregio

194 2523 330 2603 exemplo
356 2525 540 2604 admonens,
568 2527 672 2610 quales
697 2526 736 2586 ad
762 2525 949 2585 imitandum
976 2539 1112 2584 auctores
1136 2527 1245 2608 eligere

195 2611 376 2672 conveniens
392 2615 437 2675 sit.
455 2617 502 2676 An
519 2615 704 2697 adsequutus
719 2613 880 2674 Maronem
896 2613 1006 2686 fuerit,
1024 2627 1163 2673 nostrum
1180 2636 1244 2676 non

197 2710 241 2756 est
255 2697 400 2780 judicare.
420 2703 552 2780 Plinius,
571 2703 623 2764 lib.
643 2705 701 2778 llt,
718 2703 802 2785 epist.
820 2723 848 2784 7.
868 2701 1031 2774 Scribebat,
1052 2702 1167 2783 inquit,
1182 2725 1245 2762 car.

200 2788 282 2846 mino
305 2785 413 2872 majore
434 2814 506 2854 cum
528 2791 618 2876 quam
636 2794 762 2874 inperio.
783 2793 844 2852 Nec
859 2813 931 2852 vero
948 2790 1058 2851 idcirco
1074 2793 1247 2872 ingeniosus

200 2897 313 2960 parum
328 2879 404 2942 fuit:
426 2883 475 2944 sed
491 2882 633 2944 Martiale
645 2881 747 2966 judice
767 2883 861 2964 epigr.
879 2883 935 2956 ill,
955 2879 1008 2956 51,
1022 2881 1158 2942 Maronis
1176 2882 1249 2942 villa

197 2981 335 3030 mellita:

375 3096 454 3152 Silius
465 3112 490 3152 et
499 3095 602 3170 rate'tn,
611 3119 665 3154 non
676 3099 764 3151 minor
773 3097 844 3169 ipsc,
855 3095 927 3148 colit.

201 3209 240 3270 Ut
254 3211 334 3294 Lips.
350 3214 402 3275 lib.
418 3218 446 3292 l,
459 3219 573 3297 Quoest.
584 3218 699 3302 epistol.
713 3238 780 3298 cap.
796 3215 829 3292 5,
843 3214 1001 3290 emendat,
1013 3224 1159 3294 argutum
1174 3235 1248 3276 sane

200 3319 265 3381 prae
278 3299 331 3362 illo
343 3304 486 3386 vulgato:
501 3321 529 3368 et
541 3319 636 3369 umerrt
649 3328 709 3368 rton
723 3307 819 3364 minus
832 3307 891 3387 ipse
905 3302 987 3382 tulit(
1006 3305 1026 3384 ).

200 3479 463 3556 lioCaiiprtenorneu
473 3486 580 3541 haesisse
590 3502 700 3541 autumo
747 3483 845 3536 tribum
859 3479 951 3554 (apud
966 3481 1069 3531 Livium
1085 3492 1111 3531 et
1125 3481 1249 3554 Festum)

204 3567 400 3634 exconjectura
418 3567 561 3621 crebrioris
577 3587 655 3634 usus,
675 3580 701 3620 et
747 3577 832 3616 ortam
843 3577 924 3634 atque
936 3572 1122 3632 propngfflam·

205 3631 276 3702 quod
298 3637 387 3708 plures
407 3657 505 3711 eosque
522 3659 610 3693 rerum
630 3653 703 3692 vete·
781 3651 821 3722 (ι)
832 3651 863 3701 N.
877 3651 1001 3702 Heinsius
1014 3648 1048 3701 ad
1061 3648 1150 3700 Sabini
1162 3649 1246 3724 Epist.

204 3729 262 3762 ΝΜ
278 3718 417 3783 peritiore!
435 3719 462 3772 ld
479 3722 595 3774 tenuisse
608 3719 703 3792 ‘lepre'
748 3731 785 3796 ll,
802 3747 846 3796 ro,
861 3728 933 3782 hunc
948 3743 974 3780 et
989 3727 1109 3780 anteced.
1125 3747 1248 3800 versum,

206 3789 370 3847 hender-ima
382 3795 537 3853 Sed'eonier
552 3819 634 3875 supra
646 3807 702 3853 no't.
750 3812 796 3882 qui
811 3827 865 3861 non
878 3811 966 3861 minus
981 3810 1175 3864 contaminatus
1192 3827 1250 3880 est,

211 3871 704 3952 ¹‚P·399.CeterumidemDousqueius
749 3909 780 3942 ex
802 3888 925 3942 codicum
947 3899 1112 3940 vetustorum
1133 3895 1250 3965 vestigiis

206 3951 266 4002 loco
285 3955 367 4004 citato
388 3970 491 4026 monet,
511 3959 594 4026 Silos,
613 3961 703 4027 Silios,
749 3971 787 4020 ita
800 3969 914 4020 restituit
926 3981 952 4020 et
967 3967 1133 4020 emendavit:
1150 3969 1250 4023 «Silius

206 4030 319 4099 Silones,
331 4033 480 4090 Silunculos
494 4042 659 4109 pernotuisse
674 4059 705 4093 ex
749 4045 860 4100 Andinte
866 4065 1021 4100 succurrere
1027 4049 1130 4100 censuit
1136 4050 1247 4100 umbrie:

203 4113 263 4164 nasi
278 4113 364 4186 figura
376 4128 422 4166 aut
436 4118 596 4189 superciliis,
608 4133 635 4172 et
646 4139 706 4173 cre·
750 4125 829 4179 Silius
846 4147 879 4180 en
890 4139 993 4192 vatem,
1005 4145 1060 4178 non
1074 4126 1161 4176 minor
1176 4126 1250 4194 ipse,

202 4191 286 4248 dibile
298 4211 371 4263 esse,
381 4213 398 4248 a
407 4193 471 4250 Silio
482 4197 573 4270 aliquo
583 4197 708 4252 Siliorum
752 4207 845 4259 colit.»
858 4208 938 4263 Cotti.
954 4223 1015 4257 mox
1028 4217 1082 4255 ttot.
1098 4220 1162 4273 1,p.
1173 4203 1234 4272 4⁰91
