<?xml version="1.0" encoding="UTF-8"?>
<!DOCTYPE html PUBLIC "-//W3C//DTD XHTML 1.0 Transitional//EN"
    "http://www.w3.org/TR/xhtml1/DTD/xhtml1-transitional.dtd">
<html xmlns="http://www.w3.org/1999/xhtml" xml:lang="en" lang="en">
 <head>
  <title>
</title>
<meta http-equiv="Content-Type" content="text/html;charset=utf-8" />
  <meta name='ocr-system' content='tesseract 3.04.00' />
  <meta name='ocr-capabilities' content='ocr_page ocr_carea ocr_par ocr_line ocrx_word'/>
</head>
<body>
  <div class='ocr_page' id='page_1' title='image "./punicorumlibris00italgoog/punicorumlibris00italgoog_0115.png"; bbox 0 0 2962 4646; ppageno 0'>
   <div class='ocr_carea' id='block_1_1' title="bbox 233 301 952 388">
    <p class='ocr_par' dir='ltr' id='par_1_1' title="bbox 233 301 952 388">
     <span class='ocr_line' id='line_1_1' title="bbox 233 301 952 388; baseline -0.001 -18"><span class='ocrx_word' id='word_1_1' title='bbox 233 311 290 388; x_wconf 64' lang='lat'><strong>104</strong></span> <span class='ocrx_word' id='word_1_2' title='bbox 547 305 583 370; x_wconf 83' lang='lat' dir='ltr'><strong>c.</strong></span> <span class='ocrx_word' id='word_1_3' title='bbox 607 301 735 370; x_wconf 78' lang='lat' dir='ltr'><strong>stult</strong></span> <span class='ocrx_word' id='word_1_4' title='bbox 759 305 952 372; x_wconf 76' lang='lat' dir='ltr'><strong>lTALtcl</strong></span> 
     </span>
    </p>
   </div>
   <div class='ocr_carea' id='block_1_2' title="bbox 169 446 1281 2036">
    <p class='ocr_par' dir='ltr' id='par_1_2' title="bbox 169 446 1148 1816">
     <span class='ocr_line' id='line_1_2' title="bbox 229 446 1029 519; baseline -0.009 -2"><span class='ocrx_word' id='word_1_5' title='bbox 229 451 304 519; x_wconf 87' lang='lat' dir='ltr'><strong>Huc</strong></span> <span class='ocrx_word' id='word_1_6' title='bbox 316 449 416 513; x_wconf 90' lang='lat' dir='ltr'><strong>tristis</strong></span> <span class='ocrx_word' id='word_1_7' title='bbox 428 448 578 512; x_wconf 82' lang='lat' dir='ltr'><strong>lacrimas</strong></span> <span class='ocrx_word' id='word_1_8' title='bbox 590 463 624 511; x_wconf 91' lang='lat' dir='ltr'><strong>et</strong></span> <span class='ocrx_word' id='word_1_9' title='bbox 635 447 753 512; x_wconf 84' lang='lat' dir='ltr'><strong>funera</strong></span> <span class='ocrx_word' id='word_1_10' title='bbox 764 446 881 512; x_wconf 86' lang='lat' dir='ltr'><strong>acerbe</strong></span> <span class='ocrx_word' id='word_1_11' title='bbox 893 470 1029 512; x_wconf 86' lang='lat' dir='ltr'><strong>suorum</strong></span> 
     </span>
     <span class='ocr_line' id='line_1_3' title="bbox 227 553 1104 644; baseline -0.003 -22"><span class='ocrx_word' id='word_1_12' title='bbox 227 559 328 624; x_wconf 84' lang='lat' dir='ltr'>Fama</span> <span class='ocrx_word' id='word_1_13' title='bbox 338 557 432 621; x_wconf 92' lang='lat' dir='ltr'><strong>tulit:</strong></span> <span class='ocrx_word' id='word_1_14' title='bbox 447 553 537 620; x_wconf 90' lang='lat' dir='ltr'><strong>duris</strong></span> <span class='ocrx_word' id='word_1_15' title='bbox 550 579 751 644; x_wconf 88' lang='lat' dir='ltr'><strong>quamquam</strong></span> <span class='ocrx_word' id='word_1_16' title='bbox 763 578 831 620; x_wconf 89' lang='lat' dir='ltr'><strong>uon</strong></span> <span class='ocrx_word' id='word_1_17' title='bbox 844 553 964 620; x_wconf 81' lang='lat' dir='ltr'><strong>cedere</strong></span> <span class='ocrx_word' id='word_1_18' title='bbox 977 571 1104 634; x_wconf 87' lang='lat' dir='ltr'><strong>suetus,</strong></span> 
     </span>
     <span class='ocr_line' id='line_1_4' title="bbox 226 660 973 750; baseline -0.003 -24"><span class='ocrx_word' id='word_1_19' title='bbox 226 661 360 726; x_wconf 88' lang='lat' dir='ltr'><strong>Pulsato</strong></span> <span class='ocrx_word' id='word_1_20' title='bbox 373 660 492 726; x_wconf 84' lang='lat' dir='ltr'><strong>lacerat</strong></span> <span class='ocrx_word' id='word_1_21' title='bbox 503 661 666 726; x_wconf 84' lang='lat' dir='ltr'><strong>violenter</strong></span> <span class='ocrx_word' id='word_1_22' title='bbox 678 678 812 750; x_wconf 79' lang='lat' dir='ltr'><strong>pertore</strong></span> <span class='ocrx_word' id='word_1_23' title='bbox 824 661 973 726; x_wconf 87' lang='lat' dir='ltr'><strong>amictus.</strong></span> 
     </span>
     <span class='ocr_line' id='line_1_5' title="bbox 226 766 1109 848; baseline -0.007 -12"><span class='ocrx_word' id='word_1_24' title='bbox 226 771 302 836; x_wconf 84' lang='lat' dir='ltr'><strong>Non</strong></span> <span class='ocrx_word' id='word_1_25' title='bbox 316 771 452 834; x_wconf 83' lang='lat' dir='ltr'><strong>comites</strong></span> <span class='ocrx_word' id='word_1_26' title='bbox 464 772 611 834; x_wconf 86' lang='lat' dir='ltr'><strong>tenuisse</strong></span> <span class='ocrx_word' id='word_1_27' title='bbox 625 768 749 848; x_wconf 88' lang='lat' dir='ltr'><strong>valent,</strong></span> <span class='ocrx_word' id='word_1_28' title='bbox 762 790 830 833; x_wconf 90' lang='lat' dir='ltr'><strong>non</strong></span> <span class='ocrx_word' id='word_1_29' title='bbox 843 767 930 833; x_wconf 90' lang='lat' dir='ltr'><strong>ullus</strong></span> <span class='ocrx_word' id='word_1_30' title='bbox 942 766 1109 832; x_wconf 87' lang='lat' dir='ltr'><strong>honorum</strong></span> 
     </span>
     <span class='ocr_line' id='line_1_6' title="bbox 227 875 899 966; baseline -0.004 -23"><span class='ocrx_word' id='word_1_31' title='bbox 227 876 398 943; x_wconf 80' lang='lat' dir='ltr'><strong>Militiaeve</strong></span> <span class='ocrx_word' id='word_1_32' title='bbox 409 875 538 966; x_wconf 91' lang='lat' dir='ltr'><strong>pudor:</strong></span> <span class='ocrx_word' id='word_1_33' title='bbox 552 877 656 964; x_wconf 86' lang='lat' dir='ltr'><strong>pietas</strong></span> <span class='ocrx_word' id='word_1_34' title='bbox 669 877 748 940; x_wconf 86' lang='lat' dir='ltr'><strong>irata</strong></span> <span class='ocrx_word' id='word_1_35' title='bbox 762 875 899 940; x_wconf 78' lang='lat' dir='ltr'>sinistris</span> 
     </span>
     <span class='ocr_line' id='line_1_7' title="bbox 227 979 957 1072; baseline -0.005 -24"><span class='ocrx_word' id='word_1_36' title='bbox 227 982 388 1048; x_wconf 81' lang='lat' dir='ltr'><strong>Caelicolis</strong></span> <span class='ocrx_word' id='word_1_37' title='bbox 402 983 496 1062; x_wconf 82' lang='lat' dir='ltr'><strong>furit,</strong></span> <span class='ocrx_word' id='word_1_38' title='bbox 508 1001 609 1072; x_wconf 87' lang='lat' dir='ltr'><strong>etque</strong></span> <span class='ocrx_word' id='word_1_39' title='bbox 621 980 692 1045; x_wconf 90' lang='lat' dir='ltr'><strong>odit</strong></span> <span class='ocrx_word' id='word_1_40' title='bbox 705 979 819 1045; x_wconf 85' lang='lat' dir='ltr'><strong>solatia</strong></span> <span class='ocrx_word' id='word_1_41' title='bbox 830 981 938 1045; x_wconf 89' lang='lat' dir='ltr'><strong>luctus</strong></span> <span class='ocrx_word' id='word_1_42' title='bbox 950 1004 957 1044; x_wconf 94' lang='lat'><strong>:</strong></span> 
     </span>
     <span class='ocr_line' id='line_1_8' title="bbox 227 1086 1086 1179; baseline -0.003 -26"><span class='ocrx_word' id='word_1_43' title='bbox 227 1087 369 1179; x_wconf 84' lang='lat' dir='ltr'><strong>Jamque</strong></span> <span class='ocrx_word' id='word_1_44' title='bbox 385 1089 471 1166; x_wconf 87' lang='lat' dir='ltr'><strong>dies,</strong></span> <span class='ocrx_word' id='word_1_45' title='bbox 485 1090 674 1175; x_wconf 83' lang='lat' dir='ltr'><strong>iterumque</strong></span> <span class='ocrx_word' id='word_1_46' title='bbox 686 1087 757 1152; x_wconf 91' lang='lat' dir='ltr'><strong>dies</strong></span> <span class='ocrx_word' id='word_1_47' title='bbox 769 1087 919 1152; x_wconf 82' lang='lat' dir='ltr'><strong>absumta</strong></span> <span class='ocrx_word' id='word_1_48' title='bbox 933 1086 1086 1176; x_wconf 85' lang='lat' dir='ltr'><strong>querelis.</strong></span> 
     </span>
     <span class='ocr_line' id='line_1_9' title="bbox 228 1191 1077 1283; baseline 0.001 -28"><span class='ocrx_word' id='word_1_49' title='bbox 228 1197 386 1261; x_wconf 89' lang='lat' dir='ltr'><strong>Versatur</strong></span> <span class='ocrx_word' id='word_1_50' title='bbox 399 1194 525 1283; x_wconf 84' lang='lat' dir='ltr'><strong>species</strong></span> <span class='ocrx_word' id='word_1_51' title='bbox 537 1212 613 1257; x_wconf 88' lang='lat' dir='ltr'><strong>ante</strong></span> <span class='ocrx_word' id='word_1_52' title='bbox 627 1215 685 1256; x_wconf 91' lang='lat' dir='ltr'><strong>ora</strong></span> <span class='ocrx_word' id='word_1_53' title='bbox 696 1191 879 1280; x_wconf 87' lang='lat' dir='ltr'><strong>oculosque</strong></span> <span class='ocrx_word' id='word_1_54' title='bbox 890 1211 1077 1281; x_wconf 88' lang='lat' dir='ltr'><strong>parentum.</strong></span> 
     </span>
     <span class='ocr_line' id='line_1_10' title="bbox 229 1299 1039 1390; baseline -0.005 -24"><span class='ocrx_word' id='word_1_55' title='bbox 229 1303 316 1390; x_wconf 73' lang='lat' dir='ltr'><strong>Ergo</strong></span> <span class='ocrx_word' id='word_1_56' title='bbox 331 1303 438 1367; x_wconf 84' lang='lat' dir='ltr'><strong>excire</strong></span> <span class='ocrx_word' id='word_1_57' title='bbox 452 1318 544 1388; x_wconf 88' lang='lat' dir='ltr'><strong>parat</strong></span> <span class='ocrx_word' id='word_1_58' title='bbox 557 1322 669 1364; x_wconf 88' lang='lat' dir='ltr'><strong>manes</strong></span> <span class='ocrx_word' id='word_1_59' title='bbox 681 1299 874 1388; x_wconf 84' lang='lat' dir='ltr'><strong>animasque</strong></span> <span class='ocrx_word' id='word_1_60' title='bbox 887 1319 1039 1378; x_wconf 87' lang='lat' dir='ltr'><strong>suorum,</strong></span> 
     </span>
     <span class='ocr_line' id='line_1_11' title="bbox 227 1399 1057 1499; baseline -0.005 -25"><span class='ocrx_word' id='word_1_61' title='bbox 227 1407 464 1499; x_wconf 86' lang='lat' dir='ltr'><strong>Adloquioque</strong></span> <span class='ocrx_word' id='word_1_62' title='bbox 478 1407 584 1470; x_wconf 89' lang='lat' dir='ltr'><strong>virum</strong></span> <span class='ocrx_word' id='word_1_63' title='bbox 597 1423 704 1470; x_wconf 89' lang='lat' dir='ltr'><strong>tantos</strong></span> <span class='ocrx_word' id='word_1_64' title='bbox 719 1405 864 1469; x_wconf 83' lang='lat' dir='ltr'><strong>mulcere</strong></span> <span class='ocrx_word' id='word_1_65' title='bbox 876 1403 1019 1470; x_wconf 85' lang='lat' dir='ltr'><strong>dolores.</strong></span> <span class='ocrx_word' id='word_1_66' title='bbox 1052 1399 1057 1412; x_wconf 78' lang='grc'><strong>’</strong></span> 
     </span>
     <span class='ocr_line' id='line_1_12' title="bbox 228 1511 952 1600; baseline -0.006 -22"><span class='ocrx_word' id='word_1_67' title='bbox 228 1515 390 1578; x_wconf 80' lang='lat' dir='ltr'><strong>Hortatur</strong></span> <span class='ocrx_word' id='word_1_68' title='bbox 403 1515 508 1576; x_wconf 84' lang='lat' dir='ltr'><strong>vicina</strong></span> <span class='ocrx_word' id='word_1_69' title='bbox 521 1513 629 1600; x_wconf 87' lang='lat' dir='ltr'><strong>palus,</strong></span> <span class='ocrx_word' id='word_1_70' title='bbox 644 1513 700 1577; x_wconf 88' lang='lat' dir='ltr'><strong>ubi</strong></span> <span class='ocrx_word' id='word_1_71' title='bbox 712 1513 818 1600; x_wconf 75' lang='lat' dir='ltr'><strong>signat</strong></span> <span class='ocrx_word' id='word_1_72' title='bbox 830 1511 952 1575; x_wconf 85' lang='lat' dir='ltr'><strong>Averni</strong></span> 
     </span>
     <span class='ocr_line' id='line_1_13' title="bbox 229 1615 1148 1709; baseline -0.004 -25"><span class='ocrx_word' id='word_1_73' title='bbox 229 1619 442 1709; x_wconf 80' lang='lat' dir='ltr'><strong>squalentem</strong></span> <span class='ocrx_word' id='word_1_74' title='bbox 456 1621 626 1684; x_wconf 87' lang='lat' dir='ltr'><strong>introitum</strong></span> <span class='ocrx_word' id='word_1_75' title='bbox 640 1639 793 1708; x_wconf 76' lang='lat' dir='ltr'><strong>stagnans</strong></span> <span class='ocrx_word' id='word_1_76' title='bbox 806 1618 1005 1684; x_wconf 86' lang='lat' dir='ltr'><strong>Acherusius</strong></span> <span class='ocrx_word' id='word_1_77' title='bbox 1019 1615 1148 1684; x_wconf 88' lang='lat' dir='ltr'><strong>humor.</strong></span> 
     </span>
     <span class='ocr_line' id='line_1_14' title="bbox 169 1727 1056 1816; baseline 0.002 -26"><span class='ocrx_word' id='word_1_78' title='bbox 169 1759 173 1766; x_wconf 93' lang='lat'><em>·</em></span> <span class='ocrx_word' id='word_1_79' title='bbox 229 1727 375 1815; x_wconf 61' lang='lat' dir='ltr'><strong>dioscore</strong></span> <span class='ocrx_word' id='word_1_80' title='bbox 390 1743 545 1792; x_wconf 89' lang='lat' dir='ltr'><strong>venturos</strong></span> <span class='ocrx_word' id='word_1_81' title='bbox 557 1729 658 1815; x_wconf 81' lang='lat' dir='ltr'><strong>agitat</strong></span> <span class='ocrx_word' id='word_1_82' title='bbox 670 1751 765 1793; x_wconf 88' lang='lat' dir='ltr'><strong>meus</strong></span> <span class='ocrx_word' id='word_1_83' title='bbox 777 1729 929 1816; x_wconf 88' lang='lat' dir='ltr'><strong>protinus</strong></span> <span class='ocrx_word' id='word_1_84' title='bbox 941 1751 1056 1794; x_wconf 85' lang='lat' dir='ltr'><strong>annos.</strong></span> 
     </span>
    </p>

    <p class='ocr_par' dir='ltr' id='par_1_3' title="bbox 230 1831 1281 2036">
     <span class='ocr_line' id='line_1_15' title="bbox 275 1831 1281 1923; baseline 0.001 -25"><span class='ocrx_word' id='word_1_85' title='bbox 275 1831 326 1898; x_wconf 81' lang='lat' dir='ltr'><strong>Sic</strong></span> <span class='ocrx_word' id='word_1_86' title='bbox 338 1831 381 1896; x_wconf 91' lang='lat' dir='ltr'><strong>ad</strong></span> <span class='ocrx_word' id='word_1_87' title='bbox 393 1835 574 1923; x_wconf 79' lang='lat' dir='ltr'><strong>Cymaeam,</strong></span> <span class='ocrx_word' id='word_1_88' title='bbox 587 1855 662 1921; x_wconf 84' lang='lat' dir='ltr'><strong>qttae</strong></span> <span class='ocrx_word' id='word_1_89' title='bbox 674 1850 745 1897; x_wconf 88' lang='lat' dir='ltr'><strong>tum</strong></span> <span class='ocrx_word' id='word_1_90' title='bbox 759 1833 821 1898; x_wconf 87' lang='lat' dir='ltr'><strong>sub</strong></span> <span class='ocrx_word' id='word_1_91' title='bbox 834 1834 970 1898; x_wconf 87' lang='lat' dir='ltr'><strong>nomine</strong></span> <span class='ocrx_word' id='word_1_92' title='bbox 984 1833 1100 1898; x_wconf 81' lang='lat' dir='ltr'><strong>Phoebi</strong></span> <span class='ocrx_word' id='word_1_93' title='bbox 1234 1843 1281 1899; x_wconf 77' lang='lat' dir='ltr'><strong>loo</strong></span> 
     </span>
     <span class='ocr_line' id='line_1_16' title="bbox 230 1939 1044 2036; baseline -0.002 -30"><span class='ocrx_word' id='word_1_94' title='bbox 230 1943 385 2006; x_wconf 82' lang='lat' dir='ltr'><strong>Autonoe</strong></span> <span class='ocrx_word' id='word_1_95' title='bbox 399 1939 545 2028; x_wconf 89' lang='lat' dir='ltr'><strong>tripodas</strong></span> <span class='ocrx_word' id='word_1_96' title='bbox 559 1961 667 2005; x_wconf 90' lang='lat' dir='ltr'><strong>sacros</strong></span> <span class='ocrx_word' id='word_1_97' title='bbox 680 1957 880 2036; x_wconf 87' lang='lat' dir='ltr'><strong>antrumque</strong></span> <span class='ocrx_word' id='word_1_98' title='bbox 894 1939 1044 2021; x_wconf 84' lang='lat' dir='ltr'><strong>tenebat,</strong></span> 
     </span>
    </p>
   </div>
   <div class='ocr_carea' id='block_1_3' title="bbox 230 2105 1282 2676">
    <p class='ocr_par' dir='ltr' id='par_1_4' title="bbox 230 2105 1282 2676">
     <span class='ocr_line' id='line_1_17' title="bbox 231 2105 1280 2174; baseline 0.001 -22"><span class='ocrx_word' id='word_1_99' title='bbox 231 2117 333 2154; x_wconf 75' lang='lat' dir='ltr'><strong>extem.</strong></span> <span class='ocrx_word' id='word_1_100' title='bbox 346 2107 404 2172; x_wconf 77' lang='lat' dir='ltr'><strong>iliud</strong></span> <span class='ocrx_word' id='word_1_101' title='bbox 416 2111 504 2172; x_wconf 86' lang='lat' dir='ltr'><strong>recepit</strong></span> <span class='ocrx_word' id='word_1_102' title='bbox 516 2108 596 2154; x_wconf 80' lang='lat' dir='ltr'><strong>[eleb.</strong></span> <span class='ocrx_word' id='word_1_103' title='bbox 611 2131 643 2148; x_wconf 85' lang='lat'><strong>-</strong></span> <span class='ocrx_word' id='word_1_104' title='bbox 654 2109 707 2172; x_wconf 77' lang='grc'>394.</span> <span class='ocrx_word' id='word_1_105' title='bbox 723 2117 856 2174; x_wconf 60' lang='lat' dir='ltr'><strong>paulum,</strong></span> <span class='ocrx_word' id='word_1_106' title='bbox 875 2124 922 2156; x_wconf 89' lang='lat' dir='ltr'><strong>non</strong></span> <span class='ocrx_word' id='word_1_107' title='bbox 935 2111 1049 2172; x_wconf 76' lang='lat' dir='ltr'><strong>parentis,</strong></span> <span class='ocrx_word' id='word_1_108' title='bbox 1065 2109 1155 2170; x_wconf 77' lang='lat' dir='ltr'><strong>scripti,</strong></span> <span class='ocrx_word' id='word_1_109' title='bbox 1169 2105 1238 2169; x_wconf 82' lang='lat' dir='ltr'><strong>prob.</strong></span> <span class='ocrx_word' id='word_1_110' title='bbox 1250 2105 1280 2151; x_wconf 77' lang='lat' dir='ltr'><strong>ll.</strong></span> 
     </span>
     <span class='ocr_line' id='line_1_18' title="bbox 231 2175 1279 2244; baseline -0.004 -18"><span class='ocrx_word' id='word_1_111' title='bbox 231 2181 311 2226; x_wconf 80' lang='lat' dir='ltr'><strong>Heius.</strong></span> <span class='ocrx_word' id='word_1_112' title='bbox 320 2191 346 2225; x_wconf 87' lang='lat' dir='ltr'><strong>ut</strong></span> <span class='ocrx_word' id='word_1_113' title='bbox 354 2193 377 2225; x_wconf 87' lang='lat' dir='ltr'><strong>et</strong></span> <span class='ocrx_word' id='word_1_114' title='bbox 388 2181 523 2242; x_wconf 82' lang='lat' dir='ltr'><strong>parentibus</strong></span> <span class='ocrx_word' id='word_1_115' title='bbox 532 2181 685 2227; x_wconf 69' lang='lat' dir='ltr'><strong>adtenuantur</strong></span> <span class='ocrx_word' id='word_1_116' title='bbox 694 2195 805 2244; x_wconf 80' lang='lat' dir='ltr'><strong>patruus,</strong></span> <span class='ocrx_word' id='word_1_117' title='bbox 815 2195 841 2226; x_wconf 88' lang='lat' dir='ltr'><strong>ut</strong></span> <span class='ocrx_word' id='word_1_118' title='bbox 849 2179 891 2226; x_wconf 85' lang='lat' dir='ltr'><strong>inf.</strong></span> <span class='ocrx_word' id='word_1_119' title='bbox 905 2195 927 2224; x_wconf 84' lang='lat' dir='ltr'><strong>v.</strong></span> <span class='ocrx_word' id='word_1_120' title='bbox 937 2180 996 2235; x_wconf 68' lang='lat'><strong>4033</strong></span> <span class='ocrx_word' id='word_1_121' title='bbox 1008 2179 1072 2226; x_wconf 82' lang='lat' dir='ltr'><strong>cous.</strong></span> <span class='ocrx_word' id='word_1_122' title='bbox 1085 2181 1134 2226; x_wconf 74' lang='lat' dir='ltr'><strong>Lis.</strong></span> <span class='ocrx_word' id='word_1_123' title='bbox 1143 2180 1228 2234; x_wconf 80' lang='lat' dir='ltr'><strong>xxvi,</strong></span> <span class='ocrx_word' id='word_1_124' title='bbox 1241 2175 1279 2233; x_wconf 73' lang='lat' dir='ltr'><strong>dt.</strong></span> 
     </span>
     <span class='ocr_line' id='line_1_19' title="bbox 230 2247 1282 2312; baseline -0.002 -18"><span class='ocrx_word' id='word_1_125' title='bbox 230 2247 297 2294; x_wconf 84' lang='lat' dir='ltr'><strong>Idem</strong></span> <span class='ocrx_word' id='word_1_126' title='bbox 310 2261 403 2304; x_wconf 87' lang='lat' dir='ltr'><strong>mouet,</strong></span> <span class='ocrx_word' id='word_1_127' title='bbox 416 2257 536 2311; x_wconf 63' lang='lat' dir='ltr'><strong>monam</strong></span> <span class='ocrx_word' id='word_1_128' title='bbox 553 2251 622 2296; x_wconf 75' lang='lat' dir='ltr'><strong>stium</strong></span> <span class='ocrx_word' id='word_1_129' title='bbox 636 2252 739 2296; x_wconf 81' lang='lat' dir='ltr'><strong>construi</strong></span> <span class='ocrx_word' id='word_1_130' title='bbox 757 2264 825 2310; x_wconf 83' lang='lat' dir='ltr'><strong>posse</strong></span> <span class='ocrx_word' id='word_1_131' title='bbox 841 2263 895 2294; x_wconf 81' lang='lat' dir='ltr'><strong>etun</strong></span> <span class='ocrx_word' id='word_1_132' title='bbox 911 2265 1017 2300; x_wconf 73' lang='lat' dir='ltr'><strong>sumant.</strong></span> <span class='ocrx_word' id='word_1_133' title='bbox 1032 2249 1097 2312; x_wconf 86' lang='lat' dir='ltr'><strong>quod</strong></span> <span class='ocrx_word' id='word_1_134' title='bbox 1114 2247 1282 2312; x_wconf 79' lang='lat' dir='ltr'><strong>subsequatur,</strong></span> 
     </span>
     <span class='ocr_line' id='line_1_20' title="bbox 230 2317 1282 2383; baseline 0 -19"><span class='ocrx_word' id='word_1_135' title='bbox 230 2331 308 2365; x_wconf 79' lang='lat' dir='ltr'><strong>stuata</strong></span> <span class='ocrx_word' id='word_1_136' title='bbox 320 2317 474 2367; x_wconf 85' lang='lat' dir='ltr'><strong>distinctione.</strong></span> <span class='ocrx_word' id='word_1_137' title='bbox 486 2344 518 2355; x_wconf 89' lang='lat'><em>-</em></span> <span class='ocrx_word' id='word_1_138' title='bbox 529 2317 583 2374; x_wconf 72' lang='lat' dir='ltr'><strong>dno.</strong></span> <span class='ocrx_word' id='word_1_139' title='bbox 601 2322 636 2368; x_wconf 86' lang='lat' dir='ltr'><strong>Sic</strong></span> <span class='ocrx_word' id='word_1_140' title='bbox 650 2320 681 2366; x_wconf 80' lang='lat' dir='ltr'><strong>ad</strong></span> <span class='ocrx_word' id='word_1_141' title='bbox 692 2321 816 2378; x_wconf 68' lang='lat' dir='ltr'><strong>Grynem</strong></span> <span class='ocrx_word' id='word_1_142' title='bbox 827 2320 878 2364; x_wconf 78' lang='lat' dir='ltr'><strong>rut.</strong></span> <span class='ocrx_word' id='word_1_143' title='bbox 892 2333 916 2366; x_wconf 91' lang='lat' dir='ltr'><strong>et</strong></span> <span class='ocrx_word' id='word_1_144' title='bbox 926 2321 998 2368; x_wconf 79' lang='lat' dir='ltr'><strong>Paris.</strong></span> <span class='ocrx_word' id='word_1_145' title='bbox 1010 2321 1079 2383; x_wconf 85' lang='lat' dir='ltr'><strong>prob.</strong></span> <span class='ocrx_word' id='word_1_146' title='bbox 1092 2319 1173 2382; x_wconf 68' lang='lat' dir='ltr'><strong>Scslig</strong></span> <span class='ocrx_word' id='word_1_147' title='bbox 1186 2334 1229 2364; x_wconf 84' lang='lat' dir='ltr'><strong>nee</strong></span> <span class='ocrx_word' id='word_1_148' title='bbox 1242 2320 1282 2365; x_wconf 91' lang='lat' dir='ltr'><strong>itt-</strong></span> 
     </span>
     <span class='ocr_line' id='line_1_21' title="bbox 232 2389 1282 2455; baseline -0.002 -17"><span class='ocrx_word' id='word_1_149' title='bbox 232 2391 300 2454; x_wconf 80' lang='lat' dir='ltr'><strong>prob.</strong></span> <span class='ocrx_word' id='word_1_150' title='bbox 316 2390 344 2435; x_wconf 77' lang='lat' dir='ltr'><strong>li.</strong></span> <span class='ocrx_word' id='word_1_151' title='bbox 358 2389 435 2437; x_wconf 79' lang='lat' dir='ltr'><strong>licius.</strong></span> <span class='ocrx_word' id='word_1_152' title='bbox 448 2389 516 2438; x_wconf 83' lang='lat' dir='ltr'><strong>Cotti.</strong></span> <span class='ocrx_word' id='word_1_153' title='bbox 530 2391 560 2438; x_wconf 84' lang='lat' dir='ltr'><strong>ad</strong></span> <span class='ocrx_word' id='word_1_154' title='bbox 572 2393 615 2448; x_wconf 82' lang='lat' dir='ltr'><strong>lli,</strong></span> <span class='ocrx_word' id='word_1_155' title='bbox 630 2395 672 2454; x_wconf 81' lang='lat'><strong>57;</strong></span> <span class='ocrx_word' id='word_1_156' title='bbox 686 2393 767 2438; x_wconf 83' lang='lat' dir='ltr'><strong>Oniten</strong></span> <span class='ocrx_word' id='word_1_157' title='bbox 777 2399 843 2438; x_wconf 79' lang='lat' dir='ltr'><strong>antro</strong></span> <span class='ocrx_word' id='word_1_158' title='bbox 854 2391 905 2436; x_wconf 82' lang='lat' dir='ltr'><strong>Pus.</strong></span> <span class='ocrx_word' id='word_1_159' title='bbox 920 2391 962 2438; x_wconf 82' lang='lat' dir='ltr'><strong>inl.</strong></span> <span class='ocrx_word' id='word_1_160' title='bbox 974 2407 996 2438; x_wconf 82' lang='lat' dir='ltr'><strong>r.</strong></span> <span class='ocrx_word' id='word_1_161' title='bbox 1010 2391 1068 2455; x_wconf 67' lang='grc'><strong>498,</strong></span> <span class='ocrx_word' id='word_1_162' title='bbox 1079 2395 1115 2440; x_wconf 86' lang='lat' dir='ltr'><strong>Sic</strong></span> <span class='ocrx_word' id='word_1_163' title='bbox 1126 2391 1158 2437; x_wconf 80' lang='lat' dir='ltr'><strong>ud</strong></span> <span class='ocrx_word' id='word_1_164' title='bbox 1168 2394 1282 2452; x_wconf 59' lang='lat' dir='ltr'><strong>Grynem</strong></span> 
     </span>
     <span class='ocr_line' id='line_1_22' title="bbox 232 2460 1279 2526; baseline -0.001 -18"><span class='ocrx_word' id='word_1_165' title='bbox 232 2464 260 2508; x_wconf 83' lang='lat' dir='ltr'><strong>ii.</strong></span> <span class='ocrx_word' id='word_1_166' title='bbox 276 2477 285 2507; x_wconf 88' lang='grc' dir='ltr'><strong>ι</strong></span> <span class='ocrx_word' id='word_1_167' title='bbox 295 2497 302 2518; x_wconf 90' lang='grc'><strong><em>,</em></strong></span> <span class='ocrx_word' id='word_1_168' title='bbox 314 2463 389 2509; x_wconf 77' lang='lat' dir='ltr'><strong>ram.</strong></span> <span class='ocrx_word' id='word_1_169' title='bbox 402 2461 466 2508; x_wconf 85' lang='lat' dir='ltr'><strong>Med.</strong></span> <span class='ocrx_word' id='word_1_170' title='bbox 480 2463 526 2510; x_wconf 82' lang='lat' dir='ltr'><strong>Sed</strong></span> <span class='ocrx_word' id='word_1_171' title='bbox 535 2464 566 2508; x_wconf 85' lang='lat' dir='ltr'><strong>ad</strong></span> <span class='ocrx_word' id='word_1_172' title='bbox 576 2463 680 2513; x_wconf 76' lang='lat' dir='ltr'><strong>crineum</strong></span> <span class='ocrx_word' id='word_1_173' title='bbox 692 2465 735 2510; x_wconf 80' lang='lat' dir='ltr'><strong>Ox.</strong></span> <span class='ocrx_word' id='word_1_174' title='bbox 745 2461 820 2526; x_wconf 69' lang='lat' dir='ltr'><strong>Vulgo</strong></span> <span class='ocrx_word' id='word_1_175' title='bbox 830 2463 866 2508; x_wconf 83' lang='lat' dir='ltr'><strong>Sic</strong></span> <span class='ocrx_word' id='word_1_176' title='bbox 877 2471 899 2510; x_wconf 79' lang='lat' dir='ltr'><strong>et</strong></span> <span class='ocrx_word' id='word_1_177' title='bbox 908 2465 1037 2523; x_wconf 79' lang='lat' dir='ltr'><strong>Grynoeam.</strong></span> <span class='ocrx_word' id='word_1_178' title='bbox 1048 2462 1092 2508; x_wconf 84' lang='lat' dir='ltr'><strong>Sed</strong></span> <span class='ocrx_word' id='word_1_179' title='bbox 1105 2463 1220 2523; x_wconf 68' lang='lat' dir='ltr'><strong>Cymaeum</strong></span> <span class='ocrx_word' id='word_1_180' title='bbox 1230 2460 1279 2508; x_wconf 88' lang='lat' dir='ltr'><strong>Col.</strong></span> 
     </span>
     <span class='ocr_line' id='line_1_23' title="bbox 231 2533 1280 2597; baseline -0.003 -18"><span class='ocrx_word' id='word_1_181' title='bbox 231 2533 316 2597; x_wconf 82' lang='lat' dir='ltr'><strong>probb.</strong></span> <span class='ocrx_word' id='word_1_182' title='bbox 330 2535 358 2579; x_wconf 83' lang='lat' dir='ltr'><strong>N.</strong></span> <span class='ocrx_word' id='word_1_183' title='bbox 372 2535 451 2582; x_wconf 84' lang='lat' dir='ltr'><strong>ileins.</strong></span> <span class='ocrx_word' id='word_1_184' title='bbox 465 2548 488 2582; x_wconf 86' lang='lat' dir='ltr'><strong>et</strong></span> <span class='ocrx_word' id='word_1_185' title='bbox 499 2535 601 2584; x_wconf 69' lang='lat' dir='ltr'><strong>orden.</strong></span> <span class='ocrx_word' id='word_1_186' title='bbox 614 2535 681 2584; x_wconf 83' lang='lat' dir='ltr'><strong>Conl.</strong></span> <span class='ocrx_word' id='word_1_187' title='bbox 699 2537 729 2583; x_wconf 84' lang='lat' dir='ltr'><strong>sd</strong></span> <span class='ocrx_word' id='word_1_188' title='bbox 738 2537 806 2592; x_wconf 80' lang='lat' dir='ltr'><strong>vlit,</strong></span> <span class='ocrx_word' id='word_1_189' title='bbox 818 2535 870 2582; x_wconf 72' lang='lat'><strong>531.</strong></span> <span class='ocrx_word' id='word_1_190' title='bbox 884 2535 973 2586; x_wconf 82' lang='lat' dir='ltr'><strong>Deinde</strong></span> <span class='ocrx_word' id='word_1_191' title='bbox 985 2535 1027 2583; x_wconf 80' lang='lat' dir='ltr'><strong>suit</strong></span> <span class='ocrx_word' id='word_1_192' title='bbox 1038 2537 1128 2581; x_wconf 82' lang='lat' dir='ltr'><strong>numine</strong></span> <span class='ocrx_word' id='word_1_193' title='bbox 1139 2533 1239 2580; x_wconf 81' lang='lat' dir='ltr'><strong>malebat</strong></span> <span class='ocrx_word' id='word_1_194' title='bbox 1252 2535 1280 2578; x_wconf 82' lang='grc' dir='ltr'><strong>Ν.</strong></span> 
     </span>
     <span class='ocr_line' id='line_1_24' title="bbox 231 2605 1245 2676; baseline -0.003 -24"><span class='ocrx_word' id='word_1_195' title='bbox 231 2605 311 2652; x_wconf 79' lang='lat' dir='ltr'><strong>licius.</strong></span> <span class='ocrx_word' id='word_1_196' title='bbox 325 2617 348 2652; x_wconf 85' lang='lat' dir='ltr'><strong>et</strong></span> <span class='ocrx_word' id='word_1_197' title='bbox 360 2605 489 2654; x_wconf 78' lang='lat' dir='ltr'><strong>Autonoen.</strong></span> <span class='ocrx_word' id='word_1_198' title='bbox 500 2632 533 2645; x_wconf 91' lang='lat'><em>-</em></span> <span class='ocrx_word' id='word_1_199' title='bbox 544 2606 599 2664; x_wconf 68' lang='lat' dir='ltr'><strong>dor.</strong></span> <span class='ocrx_word' id='word_1_200' title='bbox 611 2623 702 2654; x_wconf 83' lang='lat' dir='ltr'><strong>sucrum</strong></span> <span class='ocrx_word' id='word_1_201' title='bbox 714 2606 767 2658; x_wconf 77' lang='lat' dir='ltr'><strong>edd.</strong></span> <span class='ocrx_word' id='word_1_202' title='bbox 782 2607 896 2654; x_wconf 80' lang='lat' dir='ltr'><strong>vetustiss.</strong></span> <span class='ocrx_word' id='word_1_203' title='bbox 907 2621 1042 2676; x_wconf 79' lang='lat' dir='ltr'><strong>sacrumque</strong></span> <span class='ocrx_word' id='word_1_204' title='bbox 1052 2605 1082 2652; x_wconf 85' lang='lat' dir='ltr'><strong>sd</strong></span> <span class='ocrx_word' id='word_1_205' title='bbox 1095 2619 1168 2666; x_wconf 75' lang='lat' dir='ltr'><strong>marg.</strong></span> <span class='ocrx_word' id='word_1_206' title='bbox 1181 2607 1208 2650; x_wconf 84' lang='lat' dir='ltr'><strong>ll.</strong></span> <span class='ocrx_word' id='word_1_207' title='bbox 1226 2619 1245 2649; x_wconf 88' lang='grc' dir='ltr'><strong>ι.</strong></span> 
     </span>
    </p>
   </div>
   <div class='ocr_carea' id='block_1_4' title="bbox 230 2740 1285 4173">
    <p class='ocr_par' dir='ltr' id='par_1_5' title="bbox 230 2740 1285 4173">
     <span class='ocr_line' id='line_1_25' title="bbox 230 2740 1282 2818; baseline -0.003 -24"><span class='ocrx_word' id='word_1_208' title='bbox 230 2754 291 2815; x_wconf 80' lang='lat' dir='ltr'><strong>post</strong></span> <span class='ocrx_word' id='word_1_209' title='bbox 309 2743 373 2796; x_wconf 82' lang='lat' dir='ltr'><strong>belli</strong></span> <span class='ocrx_word' id='word_1_210' title='bbox 392 2757 522 2815; x_wconf 75' lang='lat' dir='ltr'><strong>extrema,</strong></span> <span class='ocrx_word' id='word_1_211' title='bbox 543 2743 622 2799; x_wconf 84' lang='lat' dir='ltr'><strong>finem</strong></span> <span class='ocrx_word' id='word_1_212' title='bbox 632 2785 640 2814; x_wconf 84' lang='lat'><strong>‚</strong></span> <span class='ocrx_word' id='word_1_213' title='bbox 652 2744 687 2818; x_wconf 76' lang='lat' dir='ltr'><strong>¹lt.</strong></span> <span class='ocrx_word' id='word_1_214' title='bbox 710 2765 734 2798; x_wconf 89' lang='lat' dir='ltr'><strong>e.</strong></span> <span class='ocrx_word' id='word_1_215' title='bbox 781 2742 816 2798; x_wconf 85' lang='lat' dir='ltr'><strong>de</strong></span> <span class='ocrx_word' id='word_1_216' title='bbox 826 2746 882 2797; x_wconf 87' lang='lat' dir='ltr'><strong>lun.</strong></span> <span class='ocrx_word' id='word_1_217' title='bbox 893 2745 969 2796; x_wconf 84' lang='lat' dir='ltr'><strong>Rom.</strong></span> <span class='ocrx_word' id='word_1_218' title='bbox 981 2763 1007 2814; x_wconf 90' lang='lat' dir='ltr'><strong>p.</strong></span> <span class='ocrx_word' id='word_1_219' title='bbox 1021 2741 1068 2796; x_wconf 78' lang='lat'><strong>168</strong></span> <span class='ocrx_word' id='word_1_220' title='bbox 1077 2759 1116 2813; x_wconf 89' lang='lat' dir='ltr'><strong>sq.</strong></span> <span class='ocrx_word' id='word_1_221' title='bbox 1126 2743 1172 2813; x_wconf 92' lang='lat' dir='ltr'><strong>qui</strong></span> <span class='ocrx_word' id='word_1_222' title='bbox 1185 2740 1282 2793; x_wconf 83' lang='lat' dir='ltr'><strong>multos</strong></span> 
     </span>
     <span class='ocr_line' id='line_1_26' title="bbox 232 2817 1283 2898; baseline -0.002 -24"><span class='ocrx_word' id='word_1_223' title='bbox 232 2828 528 2897; x_wconf 73' lang='lat' dir='ltr'><strong>postexpugutttionem</strong></span> <span class='ocrx_word' id='word_1_224' title='bbox 538 2825 735 2898; x_wconf 71' lang='lat' dir='ltr'><strong>(ispumcnni.</strong></span> <span class='ocrx_word' id='word_1_225' title='bbox 781 2826 930 2897; x_wconf 58' lang='lat' dir='ltr'><strong>congeriem</strong></span> <span class='ocrx_word' id='word_1_226' title='bbox 952 2823 1065 2874; x_wconf 82' lang='lat' dir='ltr'><strong>Ernesti.</strong></span> <span class='ocrx_word' id='word_1_227' title='bbox 1088 2823 1185 2882; x_wconf 77' lang='lat' dir='ltr'><strong>Recte5</strong></span> <span class='ocrx_word' id='word_1_228' title='bbox 1210 2817 1283 2890; x_wconf 90' lang='lat' dir='ltr'><strong>quod</strong></span> 
     </span>
     <span class='ocr_line' id='line_1_27' title="bbox 233 2897 1283 2977; baseline -0.003 -24"><span class='ocrx_word' id='word_1_229' title='bbox 233 2903 282 2954; x_wconf 86' lang='lat' dir='ltr'><strong>inf.</strong></span> <span class='ocrx_word' id='word_1_230' title='bbox 295 2921 320 2954; x_wconf 82' lang='lat' dir='ltr'><strong>r.</strong></span> <span class='ocrx_word' id='word_1_231' title='bbox 336 2903 397 2971; x_wconf 68' lang='grc'><strong>454.</strong></span> <span class='ocrx_word' id='word_1_232' title='bbox 413 2935 449 2945; x_wconf 96' lang='grc'><strong>-</strong></span> <span class='ocrx_word' id='word_1_233' title='bbox 463 2917 584 2977; x_wconf 78' lang='lat' dir='ltr'><strong>penates,</strong></span> <span class='ocrx_word' id='word_1_234' title='bbox 604 2907 737 2976; x_wconf 86' lang='lat' dir='ltr'><strong>patriam,</strong></span> <span class='ocrx_word' id='word_1_235' title='bbox 781 2916 871 2956; x_wconf 85' lang='lat' dir='ltr'><strong>tamen</strong></span> <span class='ocrx_word' id='word_1_236' title='bbox 892 2903 992 2954; x_wconf 87' lang='lat' dir='ltr'><strong>nemini</strong></span> <span class='ocrx_word' id='word_1_237' title='bbox 1015 2901 1112 2952; x_wconf 85' lang='lat' dir='ltr'><strong>mirum</strong></span> <span class='ocrx_word' id='word_1_238' title='bbox 1134 2897 1283 2964; x_wconf 77' lang='lat' dir='ltr'><strong>videbitur,</strong></span> 
     </span>
     <span class='ocr_line' id='line_1_28' title="bbox 232 2975 1284 3052; baseline -0.003 -20"><span class='ocrx_word' id='word_1_239' title='bbox 232 2981 360 3048; x_wconf 83' lang='lat' dir='ltr'><strong>Romam,</strong></span> <span class='ocrx_word' id='word_1_240' title='bbox 371 2981 600 3052; x_wconf 76' lang='lat' dir='ltr'><strong>domum—390.</strong></span> <span class='ocrx_word' id='word_1_241' title='bbox 612 2984 735 3049; x_wconf 65' lang='lat' dir='ltr'><strong>terniue,</strong></span> <span class='ocrx_word' id='word_1_242' title='bbox 782 2985 828 3052; x_wconf 89' lang='lat' dir='ltr'><strong>qui</strong></span> <span class='ocrx_word' id='word_1_243' title='bbox 847 2981 907 3032; x_wconf 83' lang='lat' dir='ltr'><strong>lora</strong></span> <span class='ocrx_word' id='word_1_244' title='bbox 926 2979 973 3031; x_wconf 85' lang='lat' dir='ltr'><strong>illa</strong></span> <span class='ocrx_word' id='word_1_245' title='bbox 989 2997 1043 3032; x_wconf 88' lang='lat' dir='ltr'><strong>non</strong></span> <span class='ocrx_word' id='word_1_246' title='bbox 1061 2977 1096 3029; x_wconf 85' lang='lat' dir='ltr'><strong>atl</strong></span> <span class='ocrx_word' id='word_1_247' title='bbox 1115 2987 1234 3024; x_wconf 81' lang='lat' dir='ltr'><strong>nostram</strong></span> <span class='ocrx_word' id='word_1_248' title='bbox 1250 2975 1284 3036; x_wconf 86' lang='lat' dir='ltr'><strong>de</strong></span> 
     </span>
     <span class='ocr_line' id='line_1_29' title="bbox 233 3053 1282 3130; baseline -0.005 -19"><span class='ocrx_word' id='word_1_249' title='bbox 233 3059 335 3112; x_wconf 85' lang='lat' dir='ltr'><strong>luctum</strong></span> <span class='ocrx_word' id='word_1_250' title='bbox 348 3062 405 3128; x_wconf 80' lang='lat' dir='ltr'><strong>ejus</strong></span> <span class='ocrx_word' id='word_1_251' title='bbox 417 3059 525 3126; x_wconf 79' lang='lat' dir='ltr'><strong>sedare,</strong></span> <span class='ocrx_word' id='word_1_252' title='bbox 540 3081 593 3114; x_wconf 80' lang='lat' dir='ltr'><strong>aaa</strong></span> <span class='ocrx_word' id='word_1_253' title='bbox 606 3061 735 3116; x_wconf 80' lang='lat' dir='ltr'><strong>bonorum</strong></span> <span class='ocrx_word' id='word_1_254' title='bbox 783 3059 873 3112; x_wconf 80' lang='lat' dir='ltr'><strong>divina</strong></span> <span class='ocrx_word' id='word_1_255' title='bbox 883 3072 979 3111; x_wconf 83' lang='lat' dir='ltr'><strong>natura</strong></span> <span class='ocrx_word' id='word_1_256' title='bbox 991 3053 1127 3130; x_wconf 65' lang='lat' dir='ltr'><strong>cogitandi</strong></span> <span class='ocrx_word' id='word_1_257' title='bbox 1138 3053 1282 3125; x_wconf 85' lang='lat' dir='ltr'><strong>rationem,</strong></span> 
     </span>
     <span class='ocr_line' id='line_1_30' title="bbox 232 3137 1283 3210; baseline 0 -20"><span class='ocrx_word' id='word_1_258' title='bbox 232 3141 333 3210; x_wconf 59' lang='lat' dir='ltr'><strong>puden</strong></span> <span class='ocrx_word' id='word_1_259' title='bbox 343 3141 420 3208; x_wconf 84' lang='lat' dir='ltr'><strong>quasi</strong></span> <span class='ocrx_word' id='word_1_260' title='bbox 431 3157 496 3192; x_wconf 81' lang='lat' dir='ltr'><strong>vero</strong></span> <span class='ocrx_word' id='word_1_261' title='bbox 508 3141 535 3190; x_wconf 90' lang='lat' dir='ltr'><strong>in</strong></span> <span class='ocrx_word' id='word_1_262' title='bbox 547 3139 696 3194; x_wconf 86' lang='lat' dir='ltr'><strong>honoribus</strong></span> <span class='ocrx_word' id='word_1_263' title='bbox 709 3140 737 3194; x_wconf 90' lang='lat' dir='ltr'><strong>id</strong></span> <span class='ocrx_word' id='word_1_264' title='bbox 782 3140 831 3194; x_wconf 87' lang='lat' dir='ltr'><strong>sed</strong></span> <span class='ocrx_word' id='word_1_265' title='bbox 844 3138 878 3191; x_wconf 86' lang='lat' dir='ltr'><strong>ad</strong></span> <span class='ocrx_word' id='word_1_266' title='bbox 890 3140 1029 3204; x_wconf 88' lang='lat' dir='ltr'><strong>notiones,</strong></span> <span class='ocrx_word' id='word_1_267' title='bbox 1042 3153 1108 3207; x_wconf 83' lang='lat' dir='ltr'><strong>quas</strong></span> <span class='ocrx_word' id='word_1_268' title='bbox 1118 3147 1219 3187; x_wconf 81' lang='lat' dir='ltr'><strong>veteres</strong></span> <span class='ocrx_word' id='word_1_269' title='bbox 1231 3137 1283 3191; x_wconf 85' lang='lat' dir='ltr'><strong>sibi</strong></span> 
     </span>
     <span class='ocr_line' id='line_1_31' title="bbox 234 3215 1282 3282; baseline -0.002 -12"><span class='ocrx_word' id='word_1_270' title='bbox 234 3234 293 3270; x_wconf 85' lang='lat' dir='ltr'><strong>osse</strong></span> <span class='ocrx_word' id='word_1_271' title='bbox 305 3215 430 3282; x_wconf 79' lang='lat' dir='ltr'><strong>deberet,</strong></span> <span class='ocrx_word' id='word_1_272' title='bbox 448 3230 477 3268; x_wconf 78' lang='grc' dir='ltr'><strong>ιιι</strong></span> <span class='ocrx_word' id='word_1_273' title='bbox 493 3217 596 3270; x_wconf 83' lang='lat' dir='ltr'><strong>aluutu</strong></span> <span class='ocrx_word' id='word_1_274' title='bbox 610 3237 638 3272; x_wconf 88' lang='lat' dir='ltr'><strong>te</strong></span> <span class='ocrx_word' id='word_1_275' title='bbox 653 3220 738 3271; x_wconf 79' lang='lat' dir='ltr'><strong>abati·</strong></span> <span class='ocrx_word' id='word_1_276' title='bbox 783 3219 816 3273; x_wconf 89' lang='lat' dir='ltr'><strong>de</strong></span> <span class='ocrx_word' id='word_1_277' title='bbox 832 3237 865 3272; x_wconf 88' lang='lat' dir='ltr'><strong>oa</strong></span> <span class='ocrx_word' id='word_1_278' title='bbox 879 3221 967 3271; x_wconf 83' lang='lat' dir='ltr'><strong>auimo</strong></span> <span class='ocrx_word' id='word_1_279' title='bbox 982 3231 1009 3270; x_wconf 89' lang='lat' dir='ltr'><strong>et</strong></span> <span class='ocrx_word' id='word_1_280' title='bbox 1022 3216 1182 3268; x_wconf 81' lang='lat' dir='ltr'><strong>informasse</strong></span> <span class='ocrx_word' id='word_1_281' title='bbox 1198 3229 1224 3267; x_wconf 87' lang='lat' dir='ltr'><strong>et</strong></span> <span class='ocrx_word' id='word_1_282' title='bbox 1240 3219 1282 3268; x_wconf 92' lang='lat' dir='ltr'><strong>in·</strong></span> 
     </span>
     <span class='ocr_line' id='line_1_32' title="bbox 235 3295 1283 3368; baseline 0 -20"><span class='ocrx_word' id='word_1_283' title='bbox 235 3307 324 3360; x_wconf 85' lang='lat' dir='ltr'><strong>neret,</strong></span> <span class='ocrx_word' id='word_1_284' title='bbox 343 3295 389 3367; x_wconf 90' lang='lat' dir='ltr'><strong>qui</strong></span> <span class='ocrx_word' id='word_1_285' title='bbox 405 3295 458 3348; x_wconf 88' lang='lat' dir='ltr'><strong>illis</strong></span> <span class='ocrx_word' id='word_1_286' title='bbox 476 3299 636 3368; x_wconf 81' lang='lat' dir='ltr'><strong>conspicuus</strong></span> <span class='ocrx_word' id='word_1_287' title='bbox 648 3313 735 3352; x_wconf 80' lang='lat' dir='ltr'><strong>essett</strong></span> <span class='ocrx_word' id='word_1_288' title='bbox 782 3301 899 3352; x_wconf 80' lang='lat' dir='ltr'><strong>formare</strong></span> <span class='ocrx_word' id='word_1_289' title='bbox 912 3297 1036 3351; x_wconf 76' lang='lat' dir='ltr'><strong>debuisse</strong></span> <span class='ocrx_word' id='word_1_290' title='bbox 1048 3306 1141 3347; x_wconf 88' lang='lat' dir='ltr'><strong>notum</strong></span> <span class='ocrx_word' id='word_1_291' title='bbox 1154 3309 1207 3362; x_wconf 85' lang='lat' dir='ltr'><strong>est,</strong></span> <span class='ocrx_word' id='word_1_292' title='bbox 1222 3313 1283 3348; x_wconf 84' lang='lat' dir='ltr'><strong>exe-</strong></span> 
     </span>
     <span class='ocr_line' id='line_1_33' title="bbox 234 3374 1282 3451; baseline -0.002 -23"><span class='ocrx_word' id='word_1_293' title='bbox 234 3375 287 3429; x_wconf 83' lang='lat' dir='ltr'><strong>aiia</strong></span> <span class='ocrx_word' id='word_1_294' title='bbox 297 3377 364 3429; x_wconf 86' lang='lat' dir='ltr'><strong>ratio</strong></span> <span class='ocrx_word' id='word_1_295' title='bbox 373 3375 535 3444; x_wconf 80' lang='lat' dir='ltr'><strong>milititeest,</strong></span> <span class='ocrx_word' id='word_1_296' title='bbox 545 3397 603 3450; x_wconf 73' lang='lat' dir='ltr'><strong>quae</strong></span> <span class='ocrx_word' id='word_1_297' title='bbox 613 3379 736 3449; x_wconf 81' lang='lat' dir='ltr'><strong>profecto</strong></span> <span class='ocrx_word' id='word_1_298' title='bbox 782 3379 857 3451; x_wconf 75' lang='lat' dir='ltr'><strong>gerit.</strong></span> <span class='ocrx_word' id='word_1_299' title='bbox 868 3407 905 3417; x_wconf 82' lang='lat'><strong>—-</strong></span> <span class='ocrx_word' id='word_1_300' title='bbox 913 3379 974 3449; x_wconf 60' lang='lat'><strong>395.</strong></span> <span class='ocrx_word' id='word_1_301' title='bbox 985 3387 1140 3450; x_wconf 59' lang='lat' dir='ltr'><strong>parentum</strong></span> <span class='ocrx_word' id='word_1_302' title='bbox 1153 3374 1207 3428; x_wconf 79' lang='lat' dir='ltr'><strong>vid.</strong></span> <span class='ocrx_word' id='word_1_303' title='bbox 1220 3377 1282 3427; x_wconf 86' lang='lat' dir='ltr'><strong>Var.</strong></span> 
     </span>
     <span class='ocr_line' id='line_1_34' title="bbox 234 3457 1284 3529; baseline 0 -21"><span class='ocrx_word' id='word_1_304' title='bbox 234 3457 313 3508; x_wconf 82' lang='lat' dir='ltr'><strong>fortis</strong></span> <span class='ocrx_word' id='word_1_305' title='bbox 330 3457 411 3509; x_wconf 81' lang='lat' dir='ltr'><strong>animi</strong></span> <span class='ocrx_word' id='word_1_306' title='bbox 428 3457 553 3529; x_wconf 70' lang='lat' dir='ltr'><strong>praesidis</strong></span> <span class='ocrx_word' id='word_1_307' title='bbox 568 3457 671 3521; x_wconf 78' lang='lat' dir='ltr'><strong>adier13</strong></span> <span class='ocrx_word' id='word_1_308' title='bbox 691 3457 737 3511; x_wconf 84' lang='lat' dir='ltr'><strong>Er·</strong></span> <span class='ocrx_word' id='word_1_309' title='bbox 782 3457 963 3529; x_wconf 70' lang='lat' dir='ltr'><strong>Lena-395.</strong></span> <span class='ocrx_word' id='word_1_310' title='bbox 979 3459 1062 3510; x_wconf 80' lang='lat' dir='ltr'><strong>excire</strong></span> <span class='ocrx_word' id='word_1_311' title='bbox 1073 3476 1161 3511; x_wconf 75' lang='lat' dir='ltr'><strong>martes</strong></span> <span class='ocrx_word' id='word_1_312' title='bbox 1172 3457 1284 3508; x_wconf 81' lang='lat' dir='ltr'><strong>animas·</strong></span> 
     </span>
     <span class='ocr_line' id='line_1_35' title="bbox 233 3535 1236 3612; baseline -0.002 -24"><span class='ocrx_word' id='word_1_313' title='bbox 233 3535 671 3610; x_wconf 83' lang='lat' dir='ltr'><strong>nesti.Enimveruquiltonoriitus</strong></span> <span class='ocrx_word' id='word_1_314' title='bbox 680 3537 739 3589; x_wconf 84' lang='lat' dir='ltr'><strong>lun·</strong></span> <span class='ocrx_word' id='word_1_315' title='bbox 782 3557 832 3612; x_wconf 83' lang='lat' dir='ltr'><strong>que</strong></span> <span class='ocrx_word' id='word_1_316' title='bbox 845 3555 964 3601; x_wconf 63' lang='lat' dir='ltr'><strong>suorum</strong></span> <span class='ocrx_word' id='word_1_317' title='bbox 977 3537 1030 3590; x_wconf 85' lang='lat' dir='ltr'><strong>vid.</strong></span> <span class='ocrx_word' id='word_1_318' title='bbox 1047 3537 1082 3590; x_wconf 81' lang='lat' dir='ltr'><strong>sd</strong></span> <span class='ocrx_word' id='word_1_319' title='bbox 1096 3539 1121 3602; x_wconf 83' lang='grc' dir='ltr'><strong>Ι,</strong></span> <span class='ocrx_word' id='word_1_320' title='bbox 1134 3554 1167 3607; x_wconf 87' lang='lat'><strong>97</strong></span> <span class='ocrx_word' id='word_1_321' title='bbox 1181 3555 1236 3606; x_wconf 85' lang='lat' dir='ltr'><strong>seq.</strong></span> 
     </span>
     <span class='ocr_line' id='line_1_36' title="bbox 234 3616 1284 3691; baseline 0.002 -26"><span class='ocrx_word' id='word_1_322' title='bbox 234 3617 315 3687; x_wconf 69' lang='lat' dir='ltr'><strong>gitur,</strong></span> <span class='ocrx_word' id='word_1_323' title='bbox 330 3617 517 3684; x_wconf 76' lang='lat' dir='ltr'><strong>inferioribus,</strong></span> <span class='ocrx_word' id='word_1_324' title='bbox 533 3619 633 3690; x_wconf 85' lang='lat' dir='ltr'><strong>quique</strong></span> <span class='ocrx_word' id='word_1_325' title='bbox 645 3617 738 3670; x_wconf 88' lang='lat' dir='ltr'><strong>militi·</strong></span> <span class='ocrx_word' id='word_1_326' title='bbox 818 3621 869 3690; x_wconf 85' lang='lat'><strong>397</strong></span> <span class='ocrx_word' id='word_1_327' title='bbox 883 3637 939 3691; x_wconf 87' lang='lat' dir='ltr'><strong>seq.</strong></span> <span class='ocrx_word' id='word_1_328' title='bbox 954 3617 1032 3671; x_wconf 77' lang='lat' dir='ltr'><strong>Gaui.</strong></span> <span class='ocrx_word' id='word_1_329' title='bbox 1051 3616 1085 3670; x_wconf 83' lang='lat' dir='ltr'><strong>sd</strong></span> <span class='ocrx_word' id='word_1_330' title='bbox 1103 3619 1166 3684; x_wconf 77' lang='lat' dir='ltr'><strong>xri,</strong></span> <span class='ocrx_word' id='word_1_331' title='bbox 1188 3634 1233 3669; x_wconf 76' lang='lat' dir='ltr'><strong>tat</strong></span> <span class='ocrx_word' id='word_1_332' title='bbox 1258 3629 1284 3668; x_wconf 86' lang='lat' dir='ltr'><strong>et</strong></span> 
     </span>
     <span class='ocr_line' id='line_1_37' title="bbox 235 3693 904 3771; baseline 0.004 -24"><span class='ocrx_word' id='word_1_333' title='bbox 235 3693 286 3747; x_wconf 87' lang='lat' dir='ltr'><strong>bus</strong></span> <span class='ocrx_word' id='word_1_334' title='bbox 297 3710 407 3766; x_wconf 70' lang='lat' dir='ltr'><strong>praest,</strong></span> <span class='ocrx_word' id='word_1_335' title='bbox 418 3699 449 3749; x_wconf 88' lang='lat' dir='ltr'><strong>iis</strong></span> <span class='ocrx_word' id='word_1_336' title='bbox 459 3697 581 3769; x_wconf 83' lang='lat' dir='ltr'><strong>exemplo</strong></span> <span class='ocrx_word' id='word_1_337' title='bbox 591 3715 647 3750; x_wconf 83' lang='lat' dir='ltr'><strong>esse</strong></span> <span class='ocrx_word' id='word_1_338' title='bbox 657 3696 738 3752; x_wconf 84' lang='lat' dir='ltr'><strong>debet</strong></span> <span class='ocrx_word' id='word_1_339' title='bbox 786 3700 835 3753; x_wconf 75' lang='lat'><strong>126</strong></span> <span class='ocrx_word' id='word_1_340' title='bbox 845 3717 904 3771; x_wconf 90' lang='lat' dir='ltr'><strong>sqq.</strong></span> 
     </span>
     <span class='ocr_line' id='line_1_38' title="bbox 236 3774 1283 3851; baseline -0.002 -23"><span class='ocrx_word' id='word_1_341' title='bbox 236 3776 358 3828; x_wconf 74' lang='lat' dir='ltr'><strong>assolet.</strong></span> <span class='ocrx_word' id='word_1_342' title='bbox 826 3781 880 3847; x_wconf 61' lang='lat' dir='ltr'><strong>Aoo</strong></span> <span class='ocrx_word' id='word_1_343' title='bbox 897 3797 972 3851; x_wconf 84' lang='lat' dir='ltr'><strong>seqq.</strong></span> <span class='ocrx_word' id='word_1_344' title='bbox 994 3779 1131 3844; x_wconf 75' lang='lat' dir='ltr'><strong>Autonoe,</strong></span> <span class='ocrx_word' id='word_1_345' title='bbox 1157 3774 1283 3829; x_wconf 82' lang='lat' dir='ltr'><strong>sacerdos</strong></span> 
     </span>
     <span class='ocr_line' id='line_1_39' title="bbox 272 3855 1283 3934; baseline 0 -28"><span class='ocrx_word' id='word_1_346' title='bbox 272 3855 321 3922; x_wconf 84' lang='lat'><strong>39¹</strong></span> <span class='ocrx_word' id='word_1_347' title='bbox 338 3873 392 3927; x_wconf 86' lang='lat' dir='ltr'><strong>seq.</strong></span> <span class='ocrx_word' id='word_1_348' title='bbox 406 3855 509 3912; x_wconf 81' lang='lat' dir='ltr'><strong>Similes</strong></span> <span class='ocrx_word' id='word_1_349' title='bbox 525 3859 646 3930; x_wconf 85' lang='lat' dir='ltr'><strong>querelas</strong></span> <span class='ocrx_word' id='word_1_350' title='bbox 661 3862 738 3934; x_wconf 84' lang='lat' dir='ltr'><strong>inpa-</strong></span> <span class='ocrx_word' id='word_1_351' title='bbox 782 3859 892 3924; x_wconf 75' lang='lat' dir='ltr'><strong>Phoebi,</strong></span> <span class='ocrx_word' id='word_1_352' title='bbox 916 3873 945 3910; x_wconf 90' lang='lat' dir='ltr'><strong>ut</strong></span> <span class='ocrx_word' id='word_1_353' title='bbox 963 3861 1019 3930; x_wconf 82' lang='lat' dir='ltr'><strong>jam</strong></span> <span class='ocrx_word' id='word_1_354' title='bbox 1039 3859 1144 3912; x_wconf 84' lang='lat' dir='ltr'><strong>Ernesti</strong></span> <span class='ocrx_word' id='word_1_355' title='bbox 1164 3857 1283 3920; x_wconf 84' lang='lat' dir='ltr'><strong>monuit,</strong></span> 
     </span>
     <span class='ocr_line' id='line_1_40' title="bbox 235 3929 1284 4010; baseline -0.001 -23"><span class='ocrx_word' id='word_1_356' title='bbox 235 3937 331 3988; x_wconf 85' lang='lat' dir='ltr'><strong>tientes</strong></span> <span class='ocrx_word' id='word_1_357' title='bbox 355 3949 381 3987; x_wconf 89' lang='lat' dir='ltr'><strong>et</strong></span> <span class='ocrx_word' id='word_1_358' title='bbox 401 3929 477 4009; x_wconf 78' lang='lat' dir='ltr'><strong>paene</strong></span> <span class='ocrx_word' id='word_1_359' title='bbox 500 3939 587 4010; x_wconf 83' lang='lat' dir='ltr'><strong>inpias</strong></span> <span class='ocrx_word' id='word_1_360' title='bbox 610 3941 738 3996; x_wconf 80' lang='lat' dir='ltr'><strong>advertus</strong></span> <span class='ocrx_word' id='word_1_361' title='bbox 784 3937 942 3993; x_wconf 76' lang='lat' dir='ltr'><strong>adumbrata</strong></span> <span class='ocrx_word' id='word_1_362' title='bbox 970 3957 1001 3991; x_wconf 87' lang='lat' dir='ltr'><strong>ex</strong></span> <span class='ocrx_word' id='word_1_363' title='bbox 1026 3939 1168 3990; x_wconf 84' lang='lat' dir='ltr'><strong>Homerica</strong></span> <span class='ocrx_word' id='word_1_364' title='bbox 1190 3937 1284 4000; x_wconf 85' lang='lat' dir='ltr'><strong>Circe,</strong></span> 
     </span>
     <span class='ocr_line' id='line_1_41' title="bbox 235 4013 1285 4096; baseline -0.006 -27"><span class='ocrx_word' id='word_1_365' title='bbox 235 4013 307 4069; x_wconf 86' lang='lat' dir='ltr'><strong>Deos</strong></span> <span class='ocrx_word' id='word_1_366' title='bbox 326 4017 426 4088; x_wconf 85' lang='lat' dir='ltr'><strong>passim</strong></span> <span class='ocrx_word' id='word_1_367' title='bbox 438 4016 550 4090; x_wconf 81' lang='lat' dir='ltr'><strong>legimus</strong></span> <span class='ocrx_word' id='word_1_368' title='bbox 565 4019 591 4072; x_wconf 85' lang='lat' dir='ltr'><strong>iu</strong></span> <span class='ocrx_word' id='word_1_369' title='bbox 607 4021 737 4074; x_wconf 86' lang='lat' dir='ltr'><strong>similibus</strong></span> <span class='ocrx_word' id='word_1_370' title='bbox 784 4037 842 4096; x_wconf 73' lang='lat' dir='ltr'><strong>quae</strong></span> <span class='ocrx_word' id='word_1_371' title='bbox 852 4019 972 4092; x_wconf 78' lang='lat' dir='ltr'><strong>Ulyssem</strong></span> <span class='ocrx_word' id='word_1_372' title='bbox 985 4017 1065 4070; x_wconf 85' lang='lat' dir='ltr'><strong>simili</strong></span> <span class='ocrx_word' id='word_1_373' title='bbox 1079 4013 1161 4068; x_wconf 88' lang='lat' dir='ltr'><strong>motio</strong></span> <span class='ocrx_word' id='word_1_374' title='bbox 1171 4016 1285 4068; x_wconf 79' lang='lat' dir='ltr'><strong>instituit</strong></span> 
     </span>
     <span class='ocr_line' id='line_1_42' title="bbox 235 4095 1285 4173; baseline 0.002 -23"><span class='ocrx_word' id='word_1_375' title='bbox 235 4111 356 4151; x_wconf 73' lang='lat' dir='ltr'><strong>veterum</strong></span> <span class='ocrx_word' id='word_1_376' title='bbox 372 4095 453 4168; x_wconf 83' lang='lat' dir='ltr'><strong>locis,</strong></span> <span class='ocrx_word' id='word_1_377' title='bbox 468 4111 494 4153; x_wconf 86' lang='lat' dir='ltr'><strong>et</strong></span> <span class='ocrx_word' id='word_1_378' title='bbox 505 4117 548 4173; x_wconf 87' lang='lat' dir='ltr'><strong>ap.</strong></span> <span class='ocrx_word' id='word_1_379' title='bbox 561 4099 736 4155; x_wconf 80' lang='lat' dir='ltr'><strong>Kirchruaun.</strong></span> <span class='ocrx_word' id='word_1_380' title='bbox 785 4100 898 4173; x_wconf 74' lang='lat' dir='ltr'><strong>(Odyss.</strong></span> <span class='ocrx_word' id='word_1_381' title='bbox 916 4119 943 4161; x_wconf 77' lang='lat' dir='ltr'><strong>a,</strong></span> <span class='ocrx_word' id='word_1_382' title='bbox 962 4099 1013 4168; x_wconf 73' lang='lat'><strong>488</strong></span> <span class='ocrx_word' id='word_1_383' title='bbox 1028 4095 1120 4170; x_wconf 80' lang='lat' dir='ltr'><strong>sqq),</strong></span> <span class='ocrx_word' id='word_1_384' title='bbox 1137 4110 1163 4150; x_wconf 86' lang='lat' dir='ltr'><strong>et</strong></span> <span class='ocrx_word' id='word_1_385' title='bbox 1181 4095 1285 4152; x_wconf 65' lang='lat' dir='ltr'><strong>diversa</strong></span> 
     </span>
    </p>
   </div>
   <div class='ocr_carea' id='block_1_5' title="bbox 0 0 1497 4646">
    <p class='ocr_par' dir='ltr' id='par_1_6' title="bbox 0 0 1497 4646">
     <span class='ocr_line' id='line_1_43' title="bbox 0 0 1497 4646; baseline 0 0"><span class='ocrx_word' id='word_1_386' title='bbox 0 0 1497 4646; x_wconf 95' lang='lat' dir='ltr'><strong> </strong></span> 
     </span>
    </p>
   </div>
  </div>
 </body>
</html>
