2960 4644
446 387 757 485 ruuruonuu.
779 418 872 482 Lis.
896 419 1018 485 xvir.
1165 423 1251 506 xsn

211 555 379 636 lla-443.
393 561 496 621 dcicm
505 579 578 619 vero
590 558 769 618 inclinatam
783 559 916 617 restituit
928 559 1096 637 Hannibal,
1107 565 1252 643 caesisque

214 647 310 708 Herio
323 669 357 709 ac
371 649 523 709 Pleminio
539 646 701 720 fratribus,
717 645 851 726 reliquos
865 644 967 706 hostes
981 645 1139 730 profligat,
1152 647 1251 725 qipd-

213 733 284 816 478.
299 737 365 798 Alia
376 739 478 820 campi
491 751 577 818 parte
588 735 688 816 Scipio
702 735 826 809 Poeuos,
842 755 899 796 usu
914 733 1033 795 militiae
1046 737 1192 820 famaque
1205 760 1252 800 re-

214 847 286 886 rum
305 842 458 908 gestarum
480 827 626 888 Romanis
647 845 749 906 pares,
773 825 890 904 ingenti
911 824 999 884 clade
1020 831 1201 908 prosternit,
1222 839 1253 887 et

214 925 363 976 terrorem
375 917 461 977 addit
475 914 638 996 perculsis,
653 912 822 997 479-508.
837 915 909 974 Mox
928 916 1028 995 ipsum
1044 919 1154 996 quaerit
1168 918 1253 976 Han·

214 997 367 1078 nibalem,
380 1017 409 1063 et
423 1003 461 1063 ad
473 1015 626 1063 certamen
638 999 795 1081 singulare
809 1014 971 1082 provocat3
984 1003 1253 1082 509—5sr.'Solli·

214 1088 273 1148 cita
287 1088 324 1149 de
340 1090 404 1172 ejus
421 1093 484 1151 vita
500 1091 585 1150 Juno
600 1087 772 1172 periculum
786 1089 962 1170 propulsat,
981 1088 1100 1170 objecta
1118 1088 1162 1150 illi
1179 1089 1255 1150 falsa

213 1178 783 1262 Scipionisimagine3522-533AEam
792 1176 1256 1261 Hannibalinfestapetithasta,

213 1280 245 1326 et
259 1267 429 1349 fugientem
445 1267 769 1352 persequitumdonec
783 1269 892 1350 procul
906 1267 1044 1350 apraelio
1056 1269 1256 1330 simulacrum

214 1373 342 1436 repente
355 1359 452 1420 oculis
464 1361 561 1440 ipsius
573 1355 771 1430 subducitur,
787 1356 953 1442 534-547.
966 1357 1027 1419 Ubi
1042 1357 1150 1418 dolum
1167 1358 1224 1418 sibi
1240 1373 1260 1418 a

215 1443 282 1503 Deo
302 1445 407 1527 aliquo
424 1467 539 1506 nexum
557 1466 619 1505 esse
637 1447 746 1519 sentit,
764 1444 955 1506 furibundus
972 1448 1082 1528 repetit
1097 1466 1242 1527 campum

216 1529 269 1588 sed
284 1549 380 1612 equus
391 1533 486 1608 febri,
502 1554 518 1592 a
533 1535 659 1592 lunone
672 1533 730 1612 ipsi
743 1533 888 1607 inmissa,
899 1547 1065 1615 conreptus
1073 1535 1177 1594 subito
1186 1553 1258 1594 cou-

218 1617 349 1693 lsbitur;
370 1617 534 1702 sss-557.
551 1623 631 1679 'l'um
651 1619 764 1679 Poenus
784 1621 897 1679 iterum
913 1621 1030 1682 inlusus
1048 1636 1077 1682 et
1094 1622 1258 1680 instinctus

215 1702 323 1765 furore
340 1729 443 1768 necem
463 1709 521 1768 sibi
539 1710 727 1768 consciscere
741 1711 773 1767 in
788 1710 927 1768 animum
943 1709 1074 1784 inducit,
1092 1707 1265 1770 558-566.

216 1797 301 1854 Juno
315 1811 432 1874 autern,
446 1798 478 1856 in
492 1796 625 1856 formam
637 1794 841 1877 habitumque
854 1800 984 1878 pastoris
994 1812 1127 1874 mutata,
1137 1812 1166 1857 et
1177 1798 1260 1856 simi·

216 1878 300 1959 lens,
315 1905 345 1944 se
359 1887 471 1946 erranti
488 1887 661 1968 proximam
680 1885 717 1944 ad
734 1887 908 1966 Scipionem
921 1888 1003 1946 viam
1018 1898 1259 1949 monstraturam

216 1993 298 2050 esse,
311 1974 435 2056 longius
447 1997 518 2037 eum
530 1997 545 2036 a
557 1996 667 2056 campo
679 1989 832 2050 remoret3
847 1977 1014 2060 567-580.
1027 1977 1145 2036 Interea
1156 1976 1261 2050 Poeni,

215 2059 329 2120 ducem
343 2083 434 2124 suum
446 2065 493 2122 vel
506 2064 652 2144 periisse,
664 2062 712 2122 rel
726 2083 779 2144 spe
794 2065 881 2123 omni
895 2062 1011 2145 abjecta
1025 2067 1088 2124 acie
1100 2063 1261 2124 excessisse

217 2153 292 2226 rati,
307 2151 411 2234 pavidi
426 2167 511 2233 terga
526 2167 665 2228 vertunt,
680 2167 710 2212 ct
725 2167 944 2249 perpatcntem
959 2156 1039 2214 circa
1048 2173 1188 2234 campum
1200 2150 1261 2210 late

214 2239 288 2320 fuga
303 2257 503 2324 sparguntur3
520 2243 687 2322 581-596.
700 2243 907 2304 Hannibalem
921 2265 992 2304 vero
1002 2243 1114 2306 fessum
1125 2244 1209 2302 Juno
1220 2239 1257 2299 ad

214 2330 372 2392 tumulum
388 2335 601 2414 propinquum
617 2331 717 2407 ducit,
732 2334 765 2392 in
778 2354 841 2415 quo
853 2336 955 2394 dmnis
966 2355 1077 2417 pugnae
1088 2319 1258 2412 stragisque

214 2415 308 2478 facies
323 2434 394 2479 ante
405 2421 512 2480 oculos
525 2422 553 2479 ei
567 2435 717 2492 versatur,
732 2417 899 2501 597ὴὸ04.
911 2421 1051 2483 Tandem
1062 2432 1092 2481 et
1106 2421 1188 2501 ipse,
1202 2419 1259 2504 llo·

216 2505 319 2562 manis
331 2505 403 2563 colli
417 2504 758 2587 adpropinquantibus,
771 2518 802 2564 at
814 2527 853 2564 ne
865 2527 950 2566 nunc
963 2505 1087 2586 quidem
1101 2507 1166 2563 sine
1177 2501 1259 2561 fastu

218 2609 253 2647 ac
262 2591 365 2664 minis,
375 2591 717 2672 fugientibusinmistus
726 2594 879 2651 montium
887 2593 1019 2654 latebras
1027 2590 1259 2673 quariubob'-

217 2677 287 2758 617.
302 2677 346 2736 lta
361 2680 468 2760 prelio
483 2669 628 2760 belisque
642 2677 731 2738 finito
746 2679 939 2740 conditiones
954 2681 1036 2761 pacis
1054 2678 1259 2752 conveniunt,

218 2780 248 2825 et
261 2768 364 2846 Scipio
380 2769 508 2827 Romam
526 2759 683 2849 profectus
698 2787 761 2826 non
778 2758 872 2827 morlo
887 2771 1006 2850 primus
1020 2769 1189 2849 imperator
1203 2786 1260 2824 no·

218 2857 304 2914 mine
316 2854 444 2914 dcvictae
456 2875 471 2912 a
483 2876 514 2914 se
525 2856 624 2938 gentis
634 2875 669 2913 ac
679 2869 766 2914 terrae
776 2855 972 2931 nobilitatur,
984 2854 1036 2914 sed
1048 2855 1139 2914 etiam
1151 2851 1259 2912 trium-

216 2945 281 3028 pho
295 2945 437 3005 omnium
450 2943 619 3006 clarissimo
636 2941 745 3003 urbem
760 2943 931 3018 invehitur,
946 2943 1113 3005 urs-628.
1126 2941 1262 3002 Currum,

217 3032 289 3115 ejus
305 3031 483 3116 praecedunt
501 3031 622 3114 Syphax
639 3045 669 3090 et
685 3033 823 3090 Hannon
839 3052 909 3091 cum
926 3029 1053 3112 reliquis
1067 3031 1210 3114 captivis,
1230 3041 1262 3086 et

217 3119 334 3182 tabule
347 3122 499 3180 victorum
513 3140 634 3200 regum,
647 3116 853 3200 populorum,
865 3133 1030 3194 terrarum,
1046 3117 1186 3191 urbium,
1202 3113 1261 3174 flu-

217 3213 401 3292 minumque
419 3211 452 3270 in
469 3209 594 3269 ferculis
608 3207 832 3289 preferuntur:
851 3223 916 3268 turn
934 3209 1035 3290 Scipio
1052 3209 1131 3289 ipse,
1149 3204 1266 3266 Bacchi·

217 3299 420 3379 Herculisque
432 3299 542 3370 instar,
555 3297 684 3374 insignis
697 3293 803 3354 habitu
818 3317 852 3356 ac
865 3316 918 3355 ore
930 3293 1086 3355 invehitur
1096 3315 1203 3367 curt-u,
1216 3306 1260 3365 et,

218 3390 303 3449 velut
315 3387 394 3447 alter
406 3383 557 3447 Romulus
569 3401 623 3446 aut
634 3384 797 3460 Camillus,
809 3384 955 3446 laudibus
966 3387 998 3445 in
1008 3385 1116 3446 caelum
1126 3382 1268 3455 tollitur,-

219 3476 387 3554 ⁶29-654.
1206 3525 1207 3528 ,

259 3565 406 3645 Inprimis
424 3577 584 3625 teneamus
606 3583 726 3624 necesse
744 3579 804 3640 est,
825 3579 960 3646 quatuor
977 3565 1147 3647 precipuas
1168 3559 1261 3642 hujus

220 3651 293 3712 libri
304 3655 566 3738 partes,Cybelcn
578 3675 595 3712 e
605 3651 741 3736 Phrygia
750 3656 882 3716 Romam
893 3656 1096 3737 deportatam,
1107 3652 1262 3732 Scipionis

222 3741 256 3799 in
272 3741 406 3802 Africam
424 3744 667 3825 profectionem,
687 3744 849 3804 victoriam
870 3758 901 3806 et
917 3733 1128 3824 triumphum,
1147 3739 1263 3800 emble·

222 3843 303 3889 mata
314 3851 380 3892 esse
392 3830 548 3894 coloribus
561 3833 691 3915 poeticis
704 3833 811 3908 variis,
823 3849 853 3893 et
865 3835 955 3915 epico
968 3845 1079 3892 ornatu
1090 3829 1272 3903 elaborata,

223 3917 312 3978 nullo
327 3920 381 3978 illa
395 3919 441 3978 vel
457 3921 611 3982 levissimo
627 3942 708 3982 nexu
723 3921 804 3980 inter
818 3937 949 4002 scepta:
965 3920 1051 4001 cujus
1063 3922 1105 3980 rci
1120 3919 1168 3976 vel
1181 3919 1267 3996 igno-

223 4006 304 4064 ratio
317 4005 366 4064 rel
378 4008 497 4067 incuria
509 4009 623 4084 effecit,
635 4022 672 4068 ut
684 4011 715 4067 in
727 4009 887 4068 nonnullis
899 4009 986 4082 locis,
998 4029 1066 4089 quae
1077 4003 1265 4088 precipitem

224 4091 264 4150 ab
274 4091 526 4154 antecedentibus
539 4094 576 4154 ad
588 4095 747 4176 sequentia
758 4095 922 4154 transitum
933 4093 1099 4166 haberent,
1110 4088 1185 4146 viris
1195 4081 1271 4140 ⁶¹⁰⁰·

221 4179 261 4239 tis
274 4177 395 4241 lacunae
408 4179 503 4242 etiam
515 4184 649 4264 suspicio
663 4181 814 4258 oriretur;
826 4183 899 4243 Eru.
