2930 4644
233 333 297 412 404
560 317 939 384 COMMENTATIO

229 471 304 532 dicit
317 463 508 548 adpellerent,
525 473 671 522 conatum
685 471 714 520 et
728 460 919 542 propositum
932 459 1098 542 significat,
1114 483 1176 523 non
1193 462 1284 544 quod

126 585 129 590 ¹
229 560 263 618 in
278 575 369 617 usum
382 552 457 612 illud
472 549 685 610 transductum
701 561 917 630 receptumque
930 547 1037 624 fuerit,
1057 549 1138 631 quod
1152 549 1282 631 quidem

229 667 286 705 nec
304 642 404 726 potuit
423 639 525 712 facile,
544 639 567 699 si
587 639 708 698 brevem
728 658 847 697 moram
862 637 932 698 belli
946 659 998 702 seu
1018 639 1168 699 tumultus
1180 639 1282 699 intue-

229 753 315 800 mur,
322 729 501 810 Eutropius,
513 727 566 786 lib.
576 726 615 801 V,
627 747 652 786 c.
666 746 698 784 a:
715 725 962 801 uQuadrieunio,
975 729 1082 807 inquit,
1093 726 1150 786 hoc
1159 726 1280 785 bellum

228 836 362 890 tractum
376 833 437 880 est:
453 818 562 899 quinto
577 815 703 876 demum
720 836 803 876 anno
817 815 912 876 finem
929 815 1057 898 adoepit.
1068 843 1082 872 n
1102 816 1190 892 Quod
1205 837 1280 896 ergo

228 912 260 971 in
280 908 401 970 tantillo
419 908 517 988 spatio
531 917 685 966 tentatum
700 925 817 966 novum
835 925 948 965 nemen
963 904 1038 980 fuit,
1056 907 1104 964 vix
1121 918 1278 986 receptum

227 1011 282 1059 aut
301 1018 359 1057 usu
380 1008 533 1055 retentum
554 1006 620 1074 post
644 993 804 1052 victoriam
824 991 958 1068 videtur,
980 1014 1077 1073 quum
1099 993 1130 1054 in
1151 1006 1279 1053 eventus

226 1083 299 1146 belli
311 1097 400 1158 esset,
410 1098 443 1142 ut
453 1079 601 1152 Romani,
612 1100 677 1140 non
690 1080 775 1154 ltali,
786 1080 891 1141 vicisse
902 1095 1108 1146 censerentur.
1118 1082 1193 1159 Quis
1202 1101 1278 1161 ergo

198 1241 203 1250 ,
224 1173 375 1248 crederet,
388 1171 520 1231 invisum
530 1167 697 1228 victoribus
711 1187 827 1228 nomen
839 1181 869 1228 et
882 1167 920 1228 ad
934 1170 1137 1250 ignominiam
1152 1169 1278 1230 illorum

226 1261 358 1322 durante
376 1256 457 1318 bello
476 1257 653 1329 inventum,
672 1269 740 1336 post
758 1256 919 1316 victoriam
934 1277 951 1314 a
966 1255 1051 1316 victis
1067 1271 1277 1317 conservatum

226 1349 306 1409 etin
328 1346 535 1430 posteritatem
553 1341 645 1403 fuisse
665 1342 833 1402 traditum?
854 1345 1021 1424 praesertim
1040 1365 1138 1425 quum
1158 1344 1278 1420 statim,

227 1436 369 1497 nondum
381 1431 470 1492 finito
482 1431 576 1508 bello,
590 1429 710 1490 desierit
724 1451 784 1490 esse
797 1449 901 1492 rerum
912 1431 993 1492 aedes
1005 1432 1078 1491 urbs
1092 1431 1277 1506 Corfinium,

227 1523 308 1604 quod
325 1520 475 1580 Diodorus
496 1519 551 1578 stc.
567 1519 619 1579 lib.
635 1519 791 1592 XXXVII,
805 1531 840 1578 ut
855 1519 887 1578 in
902 1519 1046 1601 excerptis
1059 1518 1124 1601 ejus
1136 1519 1206 1579 libri
1219 1533 1277 1592 est,

225 1612 382 1694 perspicue
398 1609 539 1670 ostendit.
554 1619 607 1673 Τὴν
627 1611 715 1671 καινὴν
736 1609 882 1669 nutantes
898 1614 972 1669 πόλιν
988 1612 1018 1668 τὸ
1033 1617 1179 1690 Κορφίνιον,
1197 1609 1278 1668 “No-

224 1719 312 1773 vam,
332 1700 439 1779 iuquit,
459 1697 567 1756 urbem
577 1693 754 1772 Sorfinium
768 1694 926 1772 deserunt,
943 1697 1097 1756 translatis
1112 1696 1229 1757 sedibus
1242 1699 1275 1757 in

224 1788 399 1848 Samnitum
415 1785 522 1845 urbem
537 1785 713 1844 AEserniam.
726 1809 740 1839 u
754 1783 844 1844 Unde
856 1799 915 1862 est,
931 1787 1013 1866 quod
1028 1789 1129 1847 Caesar
1141 1785 1179 1846 de
1190 1787 1277 1846 Civili

224 1876 305 1938 bello
325 1875 483 1958 Copinium
499 1895 577 1956 saepe
594 1893 723 1934 numero
740 1878 936 1951 memoravit,
953 1867 983 1936 et
999 1876 1105 1936 Cicero
1123 1877 1155 1936 in
1172 1879 1276 1960 episto-

223 1966 276 2039 lis;
290 1964 341 2024 sed
355 1982 526 2044 cognomen
540 1959 674 2022 Italicum
688 1983 727 2022 ne
742 1962 833 2022 semel
850 1963 974 2044 quidem
988 1964 1179 2046 adtigeruut,
1194 1964 1273 2046 quod

224 2075 280 2116 nec
302 2053 479 2135 posteriores
500 2051 633 2126 Plinius,
652 2053 778 2127 Seneca,
799 2054 983 2128 Frontinus,
1005 2056 1163 2128 Lucanus,
1183 2054 1277 2114 Ptole-

224 2161 335 2216 maeus,
347 2155 377 2200 et
391 2151 541 2221 quotquot
555 2137 683 2198 Corfinii
695 2139 919 2216 meminerunt,
933 2155 1119 2220 agnoscunt,
1132 2162 1187 2202 nec
1201 2143 1275 2223 ipse,

226 2233 280 2315 qui
295 2229 365 2290 inde
380 2249 493 2289 nomen
508 2249 600 2288 suum
614 2226 756 2288 hahuisse
769 2226 914 2310 fingitur,
926 2244 1015 2312 poeta
1029 2245 1131 2291 noster
1142 2231 1276 2306 Italicus,

222 2321 275 2403 qui
289 2319 341 2378 lib.
358 2317 444 2392 Vlll,
462 2317 538 2393 520,
554 2317 727 2379 Corfinium
740 2316 862 2394 laudat,
879 2319 930 2379 sed
945 2319 1027 2400 quod
1041 2321 1176 2402 patriam
1188 2340 1274 2380 suam

222 2411 269 2472 vel
283 2429 410 2472 suorum
425 2409 580 2490 proderet,
597 2406 675 2468 nihil
691 2409 818 2469 omnino
833 2409 949 2491 adjicit,
965 2431 1064 2492 neque
1078 2408 1179 2471 ullum
1192 2411 1275 2471 vesti·

221 2504 307 2584 giurn
321 2499 452 2562 ostendit
466 2499 560 2561 italici
574 2501 773 2582 cognominis.
1151 2579 1154 2584 ι

261 2592 364 2669 Quare
384 2591 427 2650 ita
447 2590 595 2650 sentimus
616 2603 708 2671 atque
729 2591 772 2650 ita
793 2591 936 2652 animum
957 2591 1146 2667 inducimus,
1167 2593 1272 2654 Silium

220 2694 343 2765 poetam
362 2699 461 2762 neque
480 2679 513 2738 in
533 2678 683 2760 llispania
700 2691 812 2739 natum
826 2677 931 2757 fuisse,
951 2681 1024 2762 quia
1038 2681 1201 2757 Martialis,
1219 2681 1271 2742 ubi

219 2773 351 2832 maxime
364 2783 498 2852 poteret,
513 2767 590 2829 nihil
605 2769 805 2842 memoravit3
823 2789 922 2851 neque
938 2771 971 2830 in
987 2770 1183 2852 Peliguorum
1197 2773 1272 2834 urbe

219 2861 371 2935 Corfinio,
387 2859 472 2941 cujus
486 2859 619 2922 Italicum
633 2881 746 2920 nornen
761 2861 928 2935 incertum,
941 2861 1089 2942 quamdiu
1101 2862 1269 2939 duraverit,

218 2965 272 3012 aut
291 2972 331 3011 an
350 2969 491 3029 unquam
509 2949 663 3008 devenerit
681 2950 713 3008 in
734 2971 826 3010 usum
844 2949 1050 3031 populorum:
1072 2951 1123 3012 sed
1143 2973 1179 3013 ex
1196 2973 1269 3034 quc-

216 3059 339 3122 cunque
357 3038 416 3097 alio
434 3057 506 3098 casu
523 3038 569 3097 vel
588 3059 679 3100 causa
698 3039 830 3120 potuisse
848 3037 943 3100 natica·
964 3060 1133 3121 cognomen
1156 3039 1267 3103 habere

217 3129 257 3191 ab
276 3125 364 3188 ltalia
383 3127 497 3205 potius,
517 3147 612 3207 quem
632 3149 649 3187 a
668 3125 817 3208 singulari
835 3127 940 3209 aliquo
955 3128 1068 3211 oppido
1081 3128 1265 3192 deductum:

216 3233 407 3300 quamquam
415 3212 459 3288 iis,
468 3213 521 3294 qui
530 3213 657 3296 majores
664 3231 760 3298 poetae
768 3217 920 3278 exBaetica
927 3215 1078 3292 derivant,
1086 3217 1266 3280 nolimusre·

216 3321 373 3389 pugnare,
389 3323 444 3362 nec
456 3323 542 3380 vero,
557 3298 639 3386 quod
652 3305 781 3366 dubium
797 3319 856 3381 est,
876 3326 933 3388 pro
946 3320 1029 3368 certo
1043 3303 1207 3368 adfirmare
1217 3309 1263 3386 (t).

193 3413 199 3427 ’
220 3435 224 3444 .
257 3389 333 3450 Satis
352 3388 390 3449 de
407 3389 471 3472 ipso
490 3393 690 3472 cognomine:
713 3391 862 3454 faciliores
882 3393 914 3453 in
935 3395 1127 3476 praenomine
1147 3415 1265 3470 sumus,

215 3498 278 3563 quo
292 3475 357 3536 aliis
371 3474 492 3538 Publius
504 3491 561 3553 est,
581 3492 616 3538 ut
629 3477 733 3539 Modio
748 3481 780 3539 in
797 3481 1014 3564 Novantiquis,
1032 3495 1063 3542 et
1077 3481 1265 3564 Glandorpio

214 3571 248 3630 in
263 3567 459 3630 Onomastico
474 3567 551 3628 Hist.
566 3569 729 3641 Romanam
745 3569 833 3630 nobis
848 3573 949 3645 Caius,
965 3572 1038 3652 quia
1052 3569 1110 3632 hoc
1124 3571 1266 3654 frequens

214 3659 357 3737 ingente
379 3655 521 3716 Siliorum
542 3654 620 3730 fuit,
644 3656 726 3735 quod
748 3659 922 3739 Dausqueio
942 3661 1054 3734 etiam,
1076 3673 1111 3722 ut
1137 3661 1263 3737 certius,

214 3745 421 3828 adprobatur,
438 3743 503 3824 ,qui
527 3743 614 3802 initio
639 3747 932 3808 commentariorum
959 3763 1056 3832 potest
1083 3750 1200 3810 consuli
1214 3749 1262 3828 (a).

249 3871 289 3943 (r)
303 3871 409 3924 altalici
421 3883 482 3921 sunt
493 3868 552 3920 ltali
563 3889 675 3942 genere,
685 3874 713 3927 in
759 3875 840 3929 verba
850 3877 877 3929 in
888 3877 1003 3930 Fabricii
1018 3877 1074 3930 Bib.
1088 3877 1134 3928 lat.
1147 3889 1213 3930 tom.
1226 3879 1262 3945 ll,

214 3951 359 4022 provinciis
384 3948 567 4018 negotiantes,
594 3951 635 4003 vel
663 3952 712 4006 lixa
758 3975 785 4027 p.
802 3958 931 4027 17a,jam
944 3955 1054 4010 laudata
1067 3959 1183 4029 reperio.

213 4029 292 4080 etiarn
307 4025 369 4076 sede
382 4025 417 4074 ibi
431 4037 663 4095 commorantes,»
676 4034 714 4084 ait
793 4034 833 4104 (a)
842 4036 882 4087 lbi
893 4054 947 4087 non
957 4039 1080 4107 graviora
1092 4051 1261 4110 argumenta,
1272 4038 1276 4044 '

211 4105 344 4183 spartian.
357 4103 403 4153 vit.
420 4099 503 4153 Hodr.
517 4121 575 4173 cap.
592 4122 621 4158 ta
629 4127 636 4170 ς
654 4127 712 4179 quc
759 4112 807 4166 sod
816 4112 874 4167 haec
886 4115 969 4170 verba
982 4118 1118 4172 intumet:
1134 4117 1213 4190 «Ego
1224 4115 1261 4170 Si«.

356 4313 370 4353 1
