2930 4644
229 375 292 456 lan
557 370 939 440 COMMENTATIO

223 531 348 596 tamque
359 516 442 574 varia
456 511 538 574 mals
551 511 712 575 libidinem
726 513 873 598 mreundi
887 513 1093 597 perdendique
1105 517 1210 576 omnia
1226 519 1284 576 in·

224 615 380 678 vexerant,
399 615 429 664 et
443 603 651 686 disciplinam,
667 601 819 684 majorum
835 605 986 680 instituta,
1000 601 1092 686 leges,
1106 605 1282 687 rempubli-

224 713 291 752 cam
315 690 604 773 pessumdederant?
630 691 719 752 Silius
744 708 848 752 autem
871 690 917 752 bis
938 692 1128 775 temporibus
1152 693 1283 752 vivebat

224 778 344 852 Rornae,
366 790 395 838 et
407 779 573 862 populares
586 800 656 840 suos
670 778 991 862 daloennvcupieban
1009 779 1091 862 quod
1110 801 1279 861 nunquam

225 887 260 926 ax
272 868 377 926 animo
390 867 610 929 dimittendum
622 882 674 928 est.
1278 943 1283 950 ,

265 957 357 1032 Satis,
370 959 494 1040 opinor,
506 957 741 1034 declaravimus,
758 958 884 1041 quidde
896 960 1069 1040 argumenti
1083 958 1199 1019 delectu
1214 971 1279 1018 sta·

225 1045 376 1108 tuendum
394 1050 441 1106 sit.
455 1047 618 1108 Videamus
632 1067 731 1122 nuuc,
746 1069 807 1129 qua
826 1050 946 1109 ratione
965 1061 1051 1130 poeta
1070 1048 1149 1108 idem
1165 1061 1282 1108 tracta·

226 1137 311 1202 verit„
325 1137 431 1212 Quum
444 1157 515 1196 vero
526 1134 602 1196 illud
615 1149 691 1197 etex
705 1133 834 1198 historia
846 1137 1036 1211 desumtum‚
1049 1149 1077 1196 et
1089 1135 1199 1196 heroici
1212 1157 1283 1195 car-

227 1234 319 1299 minis
333 1227 470 1290 oratione
487 1226 629 1286 vestitum
648 1227 699 1300 sit,
718 1227 751 1286 in
770 1249 832 1308 quo
846 1227 909 1288 Silii
923 1227 1050 1308 ingenio
1067 1224 1146 1286 nihil
1166 1239 1279 1308 praeter

227 1333 372 1388 ornatum
385 1315 547 1386 debeatur;
567 1315 701 1395 primum
720 1316 825 1396 magni
841 1313 933 1374 refert
948 1331 1049 1388 nosse,
1069 1333 1144 1395 quos
1157 1313 1280 1395 potissi·

228 1433 316 1474 mum
328 1415 463 1468 auctores
474 1403 507 1460 in
520 1400 610 1461 rebus
622 1415 686 1461 tem
698 1401 867 1476 tradendis,
879 1421 973 1483 quam
984 1400 1145 1475 ornandis,
1158 1413 1280 1459 secutus

228 1493 282 1564 s'it:
301 1517 365 1581 quo
377 1503 532 1578 perspecto
544 1490 670 1552 demum
682 1505 745 1550 tam
758 1492 796 1552 de
808 1490 882 1566 lide,
892 1511 961 1573 quse
973 1489 1199 1551 narrationibus
1210 1487 1280 1569 ejus

229 1593 267 1653 sit
277 1584 435 1660 habenda,
447 1603 541 1664 quam
553 1581 591 1641 de
602 1581 740 1642 dontius
748 1581 925 1664 judicioque
938 1583 1045 1664 ipsius,
1058 1595 1137 1641 necte
1144 1577 1279 1661 judicari

251 1691 338 1740 otest.

229 1703 250 1764 p
268 1769 457 1845 Permagnus
477 1760 552 1822 olim
570 1759 629 1820 fuit
647 1777 794 1820 numerus
810 1761 989 1820 Graecorum
1006 1759 1281 1839 Romanorumque

229 1869 391 1940 poetarum
405 1865 434 1911 et
450 1849 679 1923 historicorum,
693 1850 746 1930 qui
760 1861 831 1909 aute
844 1849 951 1908 Silium
966 1848 1046 1909 idem
1059 1861 1279 1929 argumentum

230 1944 288 2003 sibi
299 1939 496 2000 tractandum
513 1936 751 2016 ornandumque
766 1949 954 1997 sumserunt:
973 1953 1049 2018 quos
1060 1933 1136 1994 adeo
1147 1934 1197 1994 ille
1207 1949 1280 1995 aute

230 2031 332 2094 oculos
350 2029 460 2090 habere
477 2027 584 2110 potuit.
602 2027 662 2087 Eos
678 2040 782 2086 tamen
796 2039 900 2088 omnes
917 2047 1002 2086 nunc
1018 2045 1170 2086 recensere
1188 2025 1280 2101 velle,

230 2139 331 2199 neque
347 2135 446 2198 operas
463 2114 611 2197 pretium,
630 2134 731 2195 neque
747 2116 898 2198 proposito
917 2127 1023 2174 nostro
1042 2127 1280 2174 consentaneum

230 2220 293 2280 est;
314 2204 455 2289 inprimis
469 2223 567 2286 quum
579 2203 669 2284 pauci
681 2222 789 2263 eorum
805 2203 843 2264 ad
859 2217 994 2264 nostram
1007 2205 1199 2285 pervenerint
1210 2217 1283 2264 teta·

231 2311 310 2373 tem,
322 2309 357 2356 ut
368 2294 456 2369 adeo,
468 2305 620 2375 quantum
633 2305 662 2353 et
673 2311 819 2373 quaenam
830 2315 848 2354 a
860 2292 987 2374 singulis
998 2295 1093 2375 petita
1104 2294 1179 2370 sint,
1191 2293 1280 2355 nullo

232 2385 328 2448 modo
343 2381 466 2443 deliniri
486 2381 587 2464 possit.
604 2377 744 2440 Sufficiat
756 2381 873 2464 itaque,
891 2383 1021 2464 potiores
1032 2381 1135 2463 paucis
1152 2381 1281 2441 indicas·

232 2499 278 2554 se,
293 2489 322 2538 et
338 2475 478 2546 lectores,
497 2471 552 2553 qui
567 2471 657 2554 plura
672 2469 862 2548 desiderant,
881 2472 919 2532 ad
936 2471 1092 2546 Vossium,
1108 2473 1281 2532 Fabricium

231 2569 386 2649 aliosque,
405 2559 515 2646 quide
537 2563 745 2622 Romanarum
769 2579 873 2622 rerum
895 2561 1068 2623 auctoribus
1087 2583 1122 2622 ex
1140 2563 1281 2622 instituto

232 2668 375 2740 egerunt,
388 2651 544 2714 remisisse.
556 2651 696 2710 Primum
710 2648 772 2711 huc
787 2665 940 2733 spectant,
953 2646 1012 2733 'qui
1028 2651 1160 2711 Annales
1175 2653 1283 2711 Roma·

232 2765 289 2806 uos
307 2744 355 2804 vel
374 2743 525 2813 carmine,
541 2753 591 2814 ut,
611 2759 690 2820 quos
711 2759 802 2822 supra
822 2740 959 2815 laudavi,
980 2737 1115 2816 Ennius,
1135 2740 1231 2800 Attius
1250 2755 1281 2800 ct

232 2833 359 2904 Furius,
377 2829 426 2889 rel
443 2847 532 2910 prosa
547 2826 685 2887 oratioue
700 2828 899 2908 scripsemut,
916 2840 948 2888 et
963 2827 1088 2908 quidem
1099 2827 1146 2887 vel
1159 2829 1280 2902 Graeca,

231 2941 260 2982 v.
273 2944 298 2982 c.
314 2923 346 2980 P.
361 2918 494 2978 llutilius
509 2914 620 2991 Ruina,
638 2915 786 2999 Polybius
801 2916 913 2991 etalii,
931 2913 977 2976 vel
990 2919 1113 2991 Latina,
1131 2930 1165 2975 ut
1176 2917 1212 2992 Q.
1226 2919 1281 2977 Fa·

230 3013 300 3072 bius
312 3010 427 3081 Pictor,
442 3009 496 3086 qui
509 3019 646 3090 tempore
657 3007 686 3066 b.
703 3005 811 3066 Punici
826 3008 870 3082 ll,
884 3021 1009 3067 senator
1021 3005 1082 3067 fuit
1095 3019 1123 3066 et
1132 3007 1169 3074 οἷς
1181 3009 1224 3087 μὲν
1233 3011 1280 3066 αὐ·

231 3102 273 3164 τὸς
289 3099 369 3178 ἔργοις
386 3099 551 3175 repuens,
571 3095 614 3152 διὰ
626 3098 673 3158 τὴν
685 3097 814 3176 ἐμπειρίαν
826 3098 932 3176 depuduit
945 3095 1067 3176 ἀνίγραψι
1078 3095 1134 3172 (t),
1147 3094 1189 3154 M.
1203 3095 1279 3154 Por·

232 3187 296 3245 cius
310 3187 399 3256 Cato,
413 3183 466 3261 qui
480 3195 554 3241 teste
567 3184 709 3244 Cornelio
724 3186 838 3265 Nepote
852 3184 885 3243 in
897 3183 1062 3265 Originum
1076 3183 1156 3243 libro
1170 3197 1279 3264 quarto

231 3271 302 3334 belli
314 3269 421 3330 Punici
431 3270 459 3345 l,
472 3269 504 3328 iu
516 3271 626 3349 quinto
639 3272 763 3332 secundi
775 3271 936 3333 historiam
949 3272 1112 3355 pertexuit,
1122 3273 1156 3332 G.
1167 3273 1280 3332 Scribo·

232 3362 301 3421 nius
316 3359 411 3434 Libo,
425 3360 458 3418 A.
473 3358 646 3418 Postumius
661 3360 805 3436 Albinus,
818 3364 851 3422 L.
865 3363 985 3422 Cassius
1000 3361 1148 3437 Hemina,
1159 3363 1194 3421 C.
1206 3363 1280 3422 Fau-

233 3452 303 3510 nius
324 3449 366 3509 M.
388 3450 436 3524 Ε,
458 3449 533 3508 Sext.
555 3446 689 3526 Gellius,
713 3451 769 3510 Cn.
791 3451 925 3526 Gellius,
946 3453 979 3511 C.
1006 3451 1142 3512 Licinius
1164 3451 1278 3527 Macer,

232 3540 269 3617 Q.
285 3537 431 3599 Claudius
445 3535 681 3616 Quadrigarius,
696 3540 734 3615 Q.
749 3539 888 3600 Valerius
905 3543 1024 3614 Annas,
1043 3543 1077 3600 1..
1097 3539 1280 3622 Calpurnius

231 3629 303 3688 Piso
317 3627 410 3708 Frugi
428 3647 480 3687 seu
499 3626 680 3700 Censorius,
693 3626 736 3686 M.
750 3629 908 3689 Terentius
923 3632 1037 3701 Varro,
1052 3629 1090 3704 Q.
1101 3626 1220 3686 Tullius
1230 3628 1279 3686 Ci-

232 3739 319 3792 cero,
332 3720 370 3795 Q.
387 3718 566 3779 Hortensius
580 3716 720 3794 Ortalus,
738 3719 773 3778 T.
788 3720 982 3801 Pomponius
1001 3719 1129 3793 Atticus,
1145 3717 1280 3777 AEmilius

231 3808 348 3882 Macer,
363 3809 397 3866 L.
412 3808 594 3884 Fenestella,
609 3809 713 3869 Livius
726 3821 757 3869 ct
771 3808 831 3869 alii.
847 3809 994 3869 Praeterea
1007 3807 1093 3867 luere
1107 3807 1215 3884 etiam,
1227 3808 1278 3888 qui

267 4006 307 4078 (t)
318 4004 378 4056 Vid.
396 4007 505 4077 Dionys.
522 4009 608 4061 llnlio.
622 4011 647 4073 l,
663 4011 694 4075 6,
708 4022 734 4061 et
778 4027 810 4079 q,
822 4009 943 4060 defendit
954 4009 1058 4061 Ernesti
1072 4010 1099 4058 in
1112 4005 1280 4079 prolusione,

231 4083 294 4150 vlt,
308 4103 368 4156 pag.
384 4083 445 4149 415,
460 4087 535 4138 Fabii
550 4087 643 4150 fldem,
657 4089 734 4138 nimis
779 4087 922 4156 opusculis
937 4090 993 4156 ejus
1006 4087 1102 4160 philol.
1116 4088 1175 4140 crit.
1187 4105 1215 4159 p.
1234 4103 1278 4139 roa

233 4161 392 4216 inminutam
403 4163 520 4234 aPolyb.
531 4165 557 4230 Ι,
571 4165 616 4233 ι4,
627 4163 734 4232 583111,
779 4181 855 4235 seqq.
866 4165 974 4218 inserta.
