2956 4670
426 365 739 437 Punlcouutu
763 364 855 428 LIB.
879 361 966 425 XII.
993 363 1009 373 “
1179 361 1214 426 15

172 517 292 580 Natum
306 516 405 580 etiam
417 511 531 578 docuit
542 509 632 576 falsae
645 504 706 572 sub
719 504 861 592 imagine
873 503 995 591 plumae

173 620 351 688 Adtentare
362 623 430 687 vias
442 619 629 696 volucrum,
643 613 839 701 lapsumque
852 610 967 676 solutis

173 731 358 794 Pennarum
370 727 486 806 remis,
499 743 533 790 et
544 745 613 788 non
626 718 776 786 felicibus
788 717 847 784 alis

173 834 323 900 Turbida
333 832 549 923 plaudentem
561 828 644 895 vidit
657 829 759 892 freta:
773 823 921 912 dumque
935 821 1042 916 dolori

80 973 84 985 ¹
174 940 329 1031 Indulget
341 941 464 1018 subito,
477 939 576 1004 motis
588 935 631 1001 ad
644 949 778 1024 pectora
791 931 921 1022 palmis,
1176 955 1218 988 tuo
1325 1013 1328 1024 1

175 1047 202 1110 N
206 1047 312 1134 esciuq
324 1045 405 1112 beu!
419 1046 552 1137 planctu
566 1041 660 1108 duxit
672 1039 865 1106 moderante
879 1039 1016 1104 volatus.

177 1153 238 1218 Hic
250 1177 312 1240 pro
324 1153 489 1242 nubivago
502 1169 613 1240 gratus
624 1151 679 1239 pia
691 1147 815 1236 templa
826 1161 939 1212 meatu

177 1257 322 1323 Instituit
334 1259 475 1341 Phoebo,
487 1274 587 1347 atque
600 1255 741 1322 audaces
755 1252 955 1326 crustulas„

219 1364 345 1430 Virrius
358 1364 428 1432 haic
439 1391 447 1429 ι
460 1364 621 1430 sedenim
635 1361 754 1428 ductor
765 1357 960 1424 numerabat
972 1359 1096 1422 inertes

176 1469 284 1557 Atque
295 1465 386 1537 actos
398 1470 469 1536 sine
480 1473 587 1535 Marte
601 1468 739 1546 dies,ac
752 1483 838 1530 stare
850 1461 1008 1551 pudebat.
1181 1467 1230 1518 105¹

178 1573 321 1661 Ingemit
332 1575 493 1655 aduersis,
505 1589 765 1664 respectansque
777 1571 875 1635 inrita
888 1585 973 1635 tecta

179 1678 270 1742 Urbe
283 1680 471 1746 Dicarchaea
482 1696 574 1769 parat
586 1679 744 1744 exsatiare
758 1675 919 1742 dolorem.

180 1781 243 1846 Hic
256 1806 389 1872 quoque
402 1806 490 1850 nunc
502 1784 654 1872 pelagus,
666 1804 757 1847 nunc
768 1780 855 1846 muri
868 1801 963 1846 saxea
974 1777 1077 1844 moles

179 1885 301 1951 Obficit
311 1886 463 1969 audenti,
476 1887 777 1975 defensantumque
790 1882 929 1949 labores.

179 1993 334 2082 Dumque
347 2009 438 2058 tenet
451 1995 570 2074 socios,
584 1991 667 2058 dura
678 2007 779 2081 atque
792 1989 930 2078 obsepta
942 1989 1071 2054 viarum
1182 2016 1225 2048 tro

179 2100 348 2189 Rumpere
360 2101 517 2180 nitentes,
530 2101 640 2178 lentus
653 2098 761 2178 labor;
774 2098 846 2186 ipse
858 2096 1046 2186 propinqua

214 2257 264 2302 105.
276 2267 338 2304 atros
350 2275 393 2320 pro
403 2267 465 2305 actm
477 2260 529 2305 Put.
542 2283 573 2294 -
588 2257 638 2304 106.
654 2259 714 2302 Invia
730 2265 788 2303 tecta
802 2255 862 2316 conj.
878 2257 907 2300 N.
922 2255 999 2300 Helm.
1015 2252 1052 2298 vel
1066 2256 1129 2300 r'rrita
1143 2263 1228 2318 coeptu,

179 2325 245 2388 quod
255 2333 344 2391 recepit
354 2330 435 2378 beleb.
447 2331 492 2377 Sed
504 2331 639 2392 exquIaitior
651 2341 676 2374 et
684 2329 775 2376 doctior
785 2339 820 2374 ert
828 2326 921 2388 valgma
930 2325 1011 2382 leetlo,
1024 2324 1071 2371 vid,
1084 2337 1132 2372 not.

184 2459 241 2526 104.
253 2489 290 2500 -
305 2461 348 2530 96.
363 2461 477 2530 Nauem,
494 2465 615 2526 Icarum
634 2461 681 2533 qui
726 2459 765 2514 los
787 2461 932 2512 exercitum
954 2455 1087 2510 admovet.
1109 2457 1148 2509 De
1165 2475 1228 2509 vero

180 2537 286 2610 mytbus
298 2539 339 2591 vel
350 2541 481 2593 tironibus
493 2555 582 2594 notus.
594 2557 681 2610 -97.
725 2537 901 2609 profectionis
920 2550 1041 2608 tempore
1059 2548 1085 2588 et
1105 2553 1186 2588 causa
1202 2555 1228 2588 v.

181 2616 286 2682 solutis,
300 2619 362 2672 solia
375 2619 471 2671 ardore
483 2620 645 2691 liquefactis.
726 2620 782 2670 Liv.
797 2617 890 2684 XXIV,
907 2634 953 2682 ra,
970 2617 1009 2668 13.
1024 2617 1090 2681 Qua
1102 2629 1230 2687 praterea

218 2713 253 2764 99
266 2713 323 2765 sqq.
336 2697 608 2768 plaudentem,lapsu
622 2714 683 2765 per·
727 2697 765 2747 ibi
791 2708 989 2761 memorantur,
1016 2707 1099 2764 poeta
1124 2695 1228 2746 silentio

184 2774 344 2838 cutientem,
360 2775 450 2844 freta,
469 2794 542 2828 mare
560 2775 683 2826 Icarium.
729 2776 859 2846 praeterit,
877 2791 1024 2844 eorumque
1040 2771 1101 2824 loco
1116 2792 1147 2826 ea
1165 2775 1230 2826 sub·

184 2852 369 2906 Commentum
391 2851 546 2908 luxuriantis
567 2853 684 2926 ingenii,
729 2855 828 2918 stituit,
842 2872 899 2924 quae
911 2872 928 2906 a
939 2853 1026 2922 poetis
1039 2850 1161 2904 fabulose
1173 2865 1229 2905 tra·

183 2950 233 2984 nec
253 2947 341 2986 tamen
358 2932 515 3006 inlepidum.
528 2964 562 2974 —
573 2932 684 3005 planctu
729 2933 830 2986 duntur
841 2933 875 2986 de
889 2933 1018 2998 Tartaro,
1029 2933 1177 2995 Cimmeriis
1190 2947 1230 2986 te-

183 3011 332 3064 moderante
346 3013 436 3080 duxit,
455 3012 596 3084 produxit,
611 3012 684 3065 volu·
728 3014 833 3080 nebris,
845 3014 947 3084 eampis
959 3011 1114 3085 Phlegra-is,
1131 3014 1230 3084 Gigan-

184 3100 238 3156 tus,
253 3091 362 3144 volandi
375 3094 444 3144 vires
456 3093 536 3160 aluit,
550 3092 613 3145 dum
626 3111 684 3144 ma·
728 3093 799 3147 tibus
812 3107 838 3146 et
849 3095 996 3147 inferorum
1011 3092 1096 3146 fluviis
1110 3113 1142 3146 ac
1154 3093 1229 3146 laeu-

110 3201 113 3208 ·
183 3169 263 3223 nibus
285 3170 319 3223 ad
340 3185 434 3244 pectus
453 3171 583 3239 admotis,
603 3173 683 3225 etiam
728 3175 791 3238 bus;
806 3173 988 3246 quosmythos
1001 3177 1106 3246 peperit
1118 3177 1229 3245 antiqua

185 3249 240 3302 alas
251 3252 389 3314 movebat;
406 3253 469 3304 Ern.
486 3253 583 3318 Recta,
601 3263 684 3323 puto,
728 3267 829 3306 tractus
838 3254 966 3319 Cumani,
978 3255 1069 3306 Ilaiani
1086 3273 1116 3308 nc
1132 3256 1231 3308 Puteo·

184 3331 206 3380 si
218 3347 338 3398 sensum,
350 3333 509 3404 respexeris;
521 3329 568 3384 sed
580 3331 683 3384 Siliana
727 3332 783 3386 lani
795 3345 906 3400 natura,
917 3332 965 3384 ubi
978 3335 1079 3404 passim
1094 3333 1176 3387 colles
1188 3334 1231 3388 tel

183 3409 327 3462 verborum
348 3409 464 3464 ubertati
485 3412 684 3462 convenientius
729 3413 801 3464 silvis
812 3410 958 3464 inadcessis
967 3411 1157 3483 continuisque
1170 3431 1231 3476 ¹con·

183 3490 254 3541 forte
274 3503 327 3555 est,
346 3489 427 3544 rerba
445 3491 594 3542 moderante
610 3489 686 3542 duxit
729 3493 786 3556 siti,
804 3490 848 3544 vel
865 3492 946 3543 variis
963 3489 1096 3562 specubus
1115 3493 1232 3562 perfossi

185 3568 273 3641 simpl.
282 3568 407 3642 adripere
414 3589 465 3642 pro
474 3568 627 3632 moderatus
635 3582 684 3637 est,
730 3584 821 3638 eraut,
835 3582 960 3642 totusque
975 3590 1038 3641 ager
1054 3572 1123 3624 inter
1134 3570 1230 3625 Cumas
1309 3574 1310 3578 ’

185 3647 294 3716 direxit,
315 3661 341 3701 et
358 3648 421 3702 hinc
440 3647 552 3720 adjuvit.
571 3677 607 3688 —
626 3664 683 3702 roa.
730 3663 757 3702 et
775 3651 851 3704 Baias
868 3649 1014 3716 bitumine,
1027 3649 1154 3722 sulphure
1167 3651 1232 3704 cali·

185 3739 272 3780 meatu
277 3768 287 3796 ,
296 3727 401 3794 volatu,
414 3741 444 3780 ut
453 3747 496 3800 ap.
506 3731 612 3780 Patron.
627 3746 684 3782 raa.
730 3728 825 3801 disque
836 3731 913 3800 aquis
923 3729 1054 3792 scatebat;
1067 3729 1100 3781 dc
1111 3749 1164 3802 quo
1174 3731 1229 3783 vid.

186 3809 226 3862 cf.
242 3810 332 3862 Heius.
353 3807 385 3861 ad
400 3807 495 3861 Claud.
508 3807 538 3858 II.
551 3808 579 3857 P.
592 3809 627 3874 11,
642 3807 684 3878 74,
730 3809 935 3881 HeyneExcurs.
948 3809 972 3860 11
984 3807 1018 3861 ad
1030 3810 1102 3880 Virg.
1114 3811 1172 3862 mi.
1182 3813 1231 3876 VI,

226 3888 283 3954 ιο4.
296 3885 430 3941 Hannibal
444 3887 522 3940 inrita
532 3896 612 3952 tecta,
622 3885 650 3938 h.
661 3907 685 3940 c.
731 3902 756 3940 et
773 3887 859 3940 Strab.
870 3889 904 3955 V,
921 3908 948 3960 p.
970 3889 1035 3958 244,
1055 3888 1114 3956 245.
1126 3919 1159 3929 -
1173 3889 1230 3944 105.

188 3963 298 4034 Cumas,
310 3986 375 4038 quas
389 3968 485 4020 frustra
496 3965 686 4038 obpugnabat,
730 3979 809 4029 stam
823 3967 884 4020 vide
896 3986 977 4040 supra
988 3967 1022 4022 ad
1031 3987 1098 4021 vera.
1111 3967 1155 4034 41.

188 4043 327 4116 relinquit,
339 4058 496 4119 respectam,
512 4045 635 4118 adeoque
647 4047 687 4098 in·
771 4065 827 4117 ¹⁰7·
841 4048 881 4100 De
893 4049 954 4100 urbe
967 4047 1132 4108 Dicercltoea3
1150 4067 1175 4100 v.
1196 4047 1232 4100 ad

188 4125 257 4177 vitus
269 4124 310 4196 (v.
325 4129 372 4180 int.
386 4127 419 4182 ad
428 4148 451 4179 v.
462 4127 545 4198 594),
555 4141 581 4180 ot
590 4129 688 4180 Puteo·
731 4127 805 4193 VIII,
818 4125 879 4180 533.
