<?xml version="1.0" encoding="UTF-8"?>
<!DOCTYPE html PUBLIC "-//W3C//DTD XHTML 1.0 Transitional//EN"
    "http://www.w3.org/TR/xhtml1/DTD/xhtml1-transitional.dtd">
<html xmlns="http://www.w3.org/1999/xhtml" xml:lang="en" lang="en">
 <head>
  <title>
</title>
<meta http-equiv="Content-Type" content="text/html;charset=utf-8" />
  <meta name='ocr-system' content='tesseract 3.04.00' />
  <meta name='ocr-capabilities' content='ocr_page ocr_carea ocr_par ocr_line ocrx_word'/>
</head>
<body>
  <div class='ocr_page' id='page_1' title='image "./punicorumlibris00italgoog/punicorumlibris00italgoog_0015.png"; bbox 0 0 2956 4670; ppageno 0'>
   <div class='ocr_carea' id='block_1_1' title="bbox 234 346 954 432">
    <p class='ocr_par' dir='ltr' id='par_1_1' title="bbox 234 346 954 432">
     <span class='ocr_line' id='line_1_1' title="bbox 234 346 954 432; baseline 0 -20"><span class='ocrx_word' id='word_1_1' title='bbox 234 353 252 432; x_wconf 70' lang='lat' dir='ltr'><strong>r</strong></span> <span class='ocrx_word' id='word_1_2' title='bbox 550 349 587 412; x_wconf 88' lang='lat' dir='ltr'><strong>c.</strong></span> <span class='ocrx_word' id='word_1_3' title='bbox 609 346 736 412; x_wconf 79' lang='lat' dir='ltr'><strong>sinn</strong></span> <span class='ocrx_word' id='word_1_4' title='bbox 759 347 954 414; x_wconf 75' lang='lat' dir='ltr'><strong>tremor</strong></span> 
     </span>
    </p>
   </div>
   <div class='ocr_carea' id='block_1_2' title="bbox 222 471 1272 2082">
    <p class='ocr_par' dir='ltr' id='par_1_2' title="bbox 222 471 1272 2082">
     <span class='ocr_line' id='line_1_2' title="bbox 233 471 1270 571; baseline 0 -21"><span class='ocrx_word' id='word_1_5' title='bbox 233 492 311 550; x_wconf 91' lang='lat' dir='ltr'><strong>mira</strong></span> <span class='ocrx_word' id='word_1_6' title='bbox 326 489 474 550; x_wconf 77' lang='lat' dir='ltr'>serenitas</span> <span class='ocrx_word' id='word_1_7' title='bbox 490 505 560 546; x_wconf 90' lang='lat' dir='ltr'><strong>cum</strong></span> <span class='ocrx_word' id='word_1_8' title='bbox 576 471 801 566; x_wconf 78' lang='lat' dir='ltr'><strong>tranquillitate</strong></span> <span class='ocrx_word' id='word_1_9' title='bbox 816 489 929 560; x_wconf 88' lang='lat' dir='ltr'><strong>oritur,</strong></span> <span class='ocrx_word' id='word_1_10' title='bbox 948 501 980 547; x_wconf 90' lang='lat' dir='ltr'><strong>et</strong></span> <span class='ocrx_word' id='word_1_11' title='bbox 996 487 1180 571; x_wconf 79' lang='lat' dir='ltr'><strong>subplicatio</strong></span> <span class='ocrx_word' id='word_1_12' title='bbox 1199 491 1270 550; x_wconf 84' lang='lat' dir='ltr'><strong>lori</strong></span> 
     </span>
     <span class='ocr_line' id='line_1_3' title="bbox 231 572 1270 656; baseline -0.001 -17"><span class='ocrx_word' id='word_1_13' title='bbox 231 576 365 638; x_wconf 87' lang='lat' dir='ltr'><strong>habetur</strong></span> <span class='ocrx_word' id='word_1_14' title='bbox 382 579 414 636; x_wconf 87' lang='lat' dir='ltr'><strong>iu</strong></span> <span class='ocrx_word' id='word_1_15' title='bbox 433 572 605 655; x_wconf 72' lang='lat' dir='ltr'><strong>Capitolio,</strong></span> <span class='ocrx_word' id='word_1_16' title='bbox 627 572 794 654; x_wconf 66' lang='lat'><strong>627-645.</strong></span> <span class='ocrx_word' id='word_1_17' title='bbox 816 574 967 635; x_wconf 83' lang='lat' dir='ltr'>Postridie</span> <span class='ocrx_word' id='word_1_18' title='bbox 987 579 1088 656; x_wconf 86' lang='lat' dir='ltr'><strong>prima</strong></span> <span class='ocrx_word' id='word_1_19' title='bbox 1106 577 1174 638; x_wconf 91' lang='lat' dir='ltr'><strong>luce</strong></span> <span class='ocrx_word' id='word_1_20' title='bbox 1192 579 1270 638; x_wconf 88' lang='lat' dir='ltr'><strong>acies</strong></span> 
     </span>
     <span class='ocr_line' id='line_1_4' title="bbox 230 661 1272 748; baseline -0.002 -20"><span class='ocrx_word' id='word_1_21' title='bbox 230 670 394 728; x_wconf 85' lang='lat' dir='ltr'><strong>instructas</strong></span> <span class='ocrx_word' id='word_1_22' title='bbox 406 662 514 724; x_wconf 89' lang='lat' dir='ltr'><strong>eadem</strong></span> <span class='ocrx_word' id='word_1_23' title='bbox 525 675 689 742; x_wconf 76' lang='lat' dir='ltr'><strong>tempestas</strong></span> <span class='ocrx_word' id='word_1_24' title='bbox 703 661 837 737; x_wconf 83' lang='lat' dir='ltr'><strong>dirimit,</strong></span> <span class='ocrx_word' id='word_1_25' title='bbox 851 684 943 745; x_wconf 85' lang='lat' dir='ltr'><strong>quam</strong></span> <span class='ocrx_word' id='word_1_26' title='bbox 956 663 1062 725; x_wconf 90' lang='lat' dir='ltr'><strong>cadem</strong></span> <span class='ocrx_word' id='word_1_27' title='bbox 1074 667 1136 725; x_wconf 87' lang='lat' dir='ltr'><strong>exci</strong></span> <span class='ocrx_word' id='word_1_28' title='bbox 1139 667 1185 748; x_wconf 90' lang='lat' dir='ltr'><strong>pit</strong></span> <span class='ocrx_word' id='word_1_29' title='bbox 1196 687 1272 726; x_wconf 88' lang='lat' dir='ltr'><strong>sere·</strong></span> 
     </span>
     <span class='ocr_line' id='line_1_5' title="bbox 229 750 1271 837; baseline 0 -21"><span class='ocrx_word' id='word_1_30' title='bbox 229 761 324 829; x_wconf 87' lang='lat' dir='ltr'><strong>uitas;</strong></span> <span class='ocrx_word' id='word_1_31' title='bbox 335 751 621 832; x_wconf 57' lang='lat' dir='ltr'><strong>blf-bostrenus</strong></span> <span class='ocrx_word' id='word_1_32' title='bbox 633 753 759 812; x_wconf 91' lang='lat' dir='ltr'><strong>inanem</strong></span> <span class='ocrx_word' id='word_1_33' title='bbox 771 750 912 812; x_wconf 83' lang='lat' dir='ltr'><strong>fulminis</strong></span> <span class='ocrx_word' id='word_1_34' title='bbox 924 753 986 812; x_wconf 78' lang='lat' dir='ltr'><strong>va</strong></span> <span class='ocrx_word' id='word_1_35' title='bbox 997 753 1083 830; x_wconf 85' lang='lat' dir='ltr'><strong>ridet,</strong></span> <span class='ocrx_word' id='word_1_36' title='bbox 1092 774 1271 837; x_wconf 84' lang='lat' dir='ltr'><strong>vanumque</strong></span> 
     </span>
     <span class='ocr_line' id='line_1_6' title="bbox 230 839 1269 921; baseline 0 -16"><span class='ocrx_word' id='word_1_37' title='bbox 230 845 366 905; x_wconf 88' lang='lat' dir='ltr'><strong>militum</strong></span> <span class='ocrx_word' id='word_1_38' title='bbox 382 843 527 900; x_wconf 87' lang='lat' dir='ltr'><strong>timorem</strong></span> <span class='ocrx_word' id='word_1_39' title='bbox 542 841 681 921; x_wconf 88' lang='lat' dir='ltr'><strong>increpat</strong></span> <span class='ocrx_word' id='word_1_40' title='bbox 687 863 703 914; x_wconf 63' lang='lat'><strong>3¹</strong></span> <span class='ocrx_word' id='word_1_41' title='bbox 716 839 883 900; x_wconf 75' lang='lat' dir='ltr'><strong>ooo-685.</strong></span> <span class='ocrx_word' id='word_1_42' title='bbox 904 843 945 901; x_wconf 91' lang='lat' dir='ltr'><strong>Ut</strong></span> <span class='ocrx_word' id='word_1_43' title='bbox 960 861 1033 903; x_wconf 81' lang='lat' dir='ltr'><strong>vero</strong></span> <span class='ocrx_word' id='word_1_44' title='bbox 1046 845 1178 904; x_wconf 83' lang='lat' dir='ltr'><strong>Romam</strong></span> <span class='ocrx_word' id='word_1_45' title='bbox 1192 844 1269 906; x_wconf 92' lang='lat' dir='ltr'><strong>adeo</strong></span> 
     </span>
     <span class='ocr_line' id='line_1_7' title="bbox 228 930 1270 1010; baseline -0.004 -16"><span class='ocrx_word' id='word_1_46' title='bbox 228 949 368 994; x_wconf 87' lang='lat' dir='ltr'><strong>securam</strong></span> <span class='ocrx_word' id='word_1_47' title='bbox 381 943 526 1008; x_wconf 89' lang='lat' dir='ltr'><strong>metuque</strong></span> <span class='ocrx_word' id='word_1_48' title='bbox 539 948 669 988; x_wconf 88' lang='lat' dir='ltr'><strong>vacuam</strong></span> <span class='ocrx_word' id='word_1_49' title='bbox 681 947 744 988; x_wconf 85' lang='lat' dir='ltr'><strong>esse</strong></span> <span class='ocrx_word' id='word_1_50' title='bbox 757 931 921 1010; x_wconf 88' lang='lat' dir='ltr'><strong>comperit,</strong></span> <span class='ocrx_word' id='word_1_51' title='bbox 934 943 968 989; x_wconf 90' lang='lat' dir='ltr'><strong>ut</strong></span> <span class='ocrx_word' id='word_1_52' title='bbox 980 930 1093 991; x_wconf 85' lang='lat' dir='ltr'><strong>milites</strong></span> <span class='ocrx_word' id='word_1_53' title='bbox 1105 930 1162 991; x_wconf 90' lang='lat' dir='ltr'><strong>sub</strong></span> <span class='ocrx_word' id='word_1_54' title='bbox 1174 931 1270 992; x_wconf 86' lang='lat' dir='ltr'><strong>vexil-</strong></span> 
     </span>
     <span class='ocr_line' id='line_1_8' title="bbox 227 1015 1271 1098; baseline -0.002 -18"><span class='ocrx_word' id='word_1_55' title='bbox 227 1021 265 1080; x_wconf 86' lang='lat' dir='ltr'><strong>lis</strong></span> <span class='ocrx_word' id='word_1_56' title='bbox 280 1022 314 1079; x_wconf 79' lang='lat' dir='ltr'><strong>In</strong></span> <span class='ocrx_word' id='word_1_57' title='bbox 325 1017 574 1098; x_wconf 85' lang='lat' dir='ltr'><strong>subplementum</strong></span> <span class='ocrx_word' id='word_1_58' title='bbox 589 1017 749 1097; x_wconf 80' lang='lat' dir='ltr'><strong>Hispaniae</strong></span> <span class='ocrx_word' id='word_1_59' title='bbox 761 1015 890 1097; x_wconf 83' lang='lat' dir='ltr'><strong>profecti</strong></span> <span class='ocrx_word' id='word_1_60' title='bbox 905 1018 980 1093; x_wconf 90' lang='lat' dir='ltr'><strong>sint,</strong></span> <span class='ocrx_word' id='word_1_61' title='bbox 1000 1021 1046 1078; x_wconf 88' lang='lat' dir='ltr'><strong>ira</strong></span> <span class='ocrx_word' id='word_1_62' title='bbox 1059 1021 1204 1080; x_wconf 87' lang='lat' dir='ltr'><strong>incensus</strong></span> <span class='ocrx_word' id='word_1_63' title='bbox 1220 1041 1271 1079; x_wconf 92' lang='lat' dir='ltr'><strong>ur-</strong></span> 
     </span>
     <span class='ocr_line' id='line_1_9' title="bbox 227 1105 1271 1190; baseline -0.002 -20"><span class='ocrx_word' id='word_1_64' title='bbox 227 1109 297 1170; x_wconf 84' lang='lat' dir='ltr'><strong>bem</strong></span> <span class='ocrx_word' id='word_1_65' title='bbox 311 1108 492 1189; x_wconf 78' lang='lat' dir='ltr'><strong>obpugnare</strong></span> <span class='ocrx_word' id='word_1_66' title='bbox 508 1107 629 1179; x_wconf 87' lang='lat' dir='ltr'><strong>statuit;</strong></span> <span class='ocrx_word' id='word_1_67' title='bbox 645 1105 813 1183; x_wconf 82' lang='lat'><strong>686-690.</strong></span> <span class='ocrx_word' id='word_1_68' title='bbox 830 1106 932 1183; x_wconf 88' lang='lat' dir='ltr'><strong>Quam</strong></span> <span class='ocrx_word' id='word_1_69' title='bbox 949 1107 990 1167; x_wconf 93' lang='lat' dir='ltr'><strong>ob</strong></span> <span class='ocrx_word' id='word_1_70' title='bbox 1007 1129 1134 1169; x_wconf 87' lang='lat' dir='ltr'><strong>causam</strong></span> <span class='ocrx_word' id='word_1_71' title='bbox 1149 1110 1271 1190; x_wconf 85' lang='lat' dir='ltr'><strong>Jupiter</strong></span> 
     </span>
     <span class='ocr_line' id='line_1_10' title="bbox 226 1193 1268 1282; baseline 0.001 -24"><span class='ocrx_word' id='word_1_72' title='bbox 226 1201 290 1282; x_wconf 79' lang='lat' dir='ltr'><strong>agit</strong></span> <span class='ocrx_word' id='word_1_73' title='bbox 302 1219 372 1258; x_wconf 90' lang='lat' dir='ltr'><strong>cum</strong></span> <span class='ocrx_word' id='word_1_74' title='bbox 384 1198 524 1269; x_wconf 89' lang='lat' dir='ltr'><strong>lunone,</strong></span> <span class='ocrx_word' id='word_1_75' title='bbox 538 1207 572 1253; x_wconf 90' lang='lat' dir='ltr'><strong>ut</strong></span> <span class='ocrx_word' id='word_1_76' title='bbox 586 1214 649 1252; x_wconf 91' lang='lat' dir='ltr'><strong>non</strong></span> <span class='ocrx_word' id='word_1_77' title='bbox 665 1193 799 1275; x_wconf 88' lang='lat' dir='ltr'><strong>amplius</strong></span> <span class='ocrx_word' id='word_1_78' title='bbox 814 1196 875 1255; x_wconf 89' lang='lat' dir='ltr'><strong>alat</strong></span> <span class='ocrx_word' id='word_1_79' title='bbox 889 1195 1037 1256; x_wconf 85' lang='lat' dir='ltr'><strong>ferociam</strong></span> <span class='ocrx_word' id='word_1_80' title='bbox 1050 1197 1128 1279; x_wconf 87' lang='lat' dir='ltr'><strong>ejus,</strong></span> <span class='ocrx_word' id='word_1_81' title='bbox 1143 1199 1195 1258; x_wconf 89' lang='lat' dir='ltr'><strong>sed</strong></span> <span class='ocrx_word' id='word_1_82' title='bbox 1210 1220 1268 1281; x_wconf 91' lang='lat' dir='ltr'><strong>po·</strong></span> 
     </span>
     <span class='ocr_line' id='line_1_11' title="bbox 224 1281 1270 1367; baseline -0.003 -20"><span class='ocrx_word' id='word_1_83' title='bbox 224 1289 286 1346; x_wconf 88' lang='lat' dir='ltr'><strong>tius</strong></span> <span class='ocrx_word' id='word_1_84' title='bbox 298 1299 452 1357; x_wconf 87' lang='lat' dir='ltr'><strong>coerceat;</strong></span> <span class='ocrx_word' id='word_1_85' title='bbox 464 1285 634 1361; x_wconf 85' lang='lat'><strong>691-700.</strong></span> <span class='ocrx_word' id='word_1_86' title='bbox 652 1281 716 1340; x_wconf 88' lang='lat' dir='ltr'><strong>Dea</strong></span> <span class='ocrx_word' id='word_1_87' title='bbox 733 1281 904 1342; x_wconf 80' lang='lat' dir='ltr'><strong>Hannibali</strong></span> <span class='ocrx_word' id='word_1_88' title='bbox 922 1285 954 1344; x_wconf 93' lang='lat' dir='ltr'><strong>iu</strong></span> <span class='ocrx_word' id='word_1_89' title='bbox 972 1299 1169 1367; x_wconf 89' lang='lat' dir='ltr'><strong>conspectum</strong></span> <span class='ocrx_word' id='word_1_90' title='bbox 1184 1286 1270 1344; x_wconf 88' lang='lat' dir='ltr'><strong>venit</strong></span> 
     </span>
     <span class='ocr_line' id='line_1_12' title="bbox 224 1370 1266 1458; baseline -0.001 -22"><span class='ocrx_word' id='word_1_91' title='bbox 224 1376 404 1450; x_wconf 90' lang='lat' dir='ltr'><strong>manifesta,</strong></span> <span class='ocrx_word' id='word_1_92' title='bbox 421 1370 551 1453; x_wconf 89' lang='lat' dir='ltr'><strong>ejusque</strong></span> <span class='ocrx_word' id='word_1_93' title='bbox 567 1371 670 1429; x_wconf 82' lang='lat' dir='ltr'><strong>visun</strong></span> <span class='ocrx_word' id='word_1_94' title='bbox 688 1371 787 1445; x_wconf 89' lang='lat' dir='ltr'><strong>acuit,</strong></span> <span class='ocrx_word' id='word_1_95' title='bbox 805 1384 840 1431; x_wconf 92' lang='lat' dir='ltr'><strong>ut</strong></span> <span class='ocrx_word' id='word_1_96' title='bbox 856 1373 937 1433; x_wconf 89' lang='lat' dir='ltr'><strong>Deos</strong></span> <span class='ocrx_word' id='word_1_97' title='bbox 951 1394 1072 1434; x_wconf 87' lang='lat' dir='ltr'><strong>cernere</strong></span> <span class='ocrx_word' id='word_1_98' title='bbox 1083 1377 1193 1456; x_wconf 85' lang='lat' dir='ltr'><strong>possit,</strong></span> <span class='ocrx_word' id='word_1_99' title='bbox 1213 1377 1266 1458; x_wconf 87' lang='lat' dir='ltr'><strong>qui</strong></span> 
     </span>
     <span class='ocr_line' id='line_1_13' title="bbox 224 1461 1267 1548; baseline -0.002 -22"><span class='ocrx_word' id='word_1_100' title='bbox 224 1466 319 1526; x_wconf 87' lang='lat' dir='ltr'><strong>colles</strong></span> <span class='ocrx_word' id='word_1_101' title='bbox 333 1467 440 1526; x_wconf 81' lang='lat' dir='ltr'><strong>Romae</strong></span> <span class='ocrx_word' id='word_1_102' title='bbox 452 1480 661 1542; x_wconf 86' lang='lat' dir='ltr'><strong>campumque</strong></span> <span class='ocrx_word' id='word_1_103' title='bbox 673 1461 821 1521; x_wconf 89' lang='lat' dir='ltr'><strong>Martium</strong></span> <span class='ocrx_word' id='word_1_104' title='bbox 835 1475 995 1538; x_wconf 90' lang='lat' dir='ltr'><strong>tueantur;</strong></span> <span class='ocrx_word' id='word_1_105' title='bbox 1010 1469 1177 1548; x_wconf 82' lang='lat'><strong>701—725.</strong></span> <span class='ocrx_word' id='word_1_106' title='bbox 1197 1466 1267 1543; x_wconf 87' lang='lat' dir='ltr'><strong>Quo</strong></span> 
     </span>
     <span class='ocr_line' id='line_1_14' title="bbox 224 1550 1270 1635; baseline -0.001 -20"><span class='ocrx_word' id='word_1_107' title='bbox 224 1555 371 1635; x_wconf 90' lang='lat' dir='ltr'><strong>adspectu</strong></span> <span class='ocrx_word' id='word_1_108' title='bbox 388 1553 544 1633; x_wconf 87' lang='lat' dir='ltr'><strong>perculsus</strong></span> <span class='ocrx_word' id='word_1_109' title='bbox 557 1552 673 1611; x_wconf 89' lang='lat' dir='ltr'><strong>Poenus</strong></span> <span class='ocrx_word' id='word_1_110' title='bbox 690 1564 788 1610; x_wconf 87' lang='lat' dir='ltr'><strong>castra</strong></span> <span class='ocrx_word' id='word_1_111' title='bbox 806 1550 844 1610; x_wconf 90' lang='lat' dir='ltr'><strong>ab</strong></span> <span class='ocrx_word' id='word_1_112' title='bbox 860 1553 938 1614; x_wconf 90' lang='lat' dir='ltr'><strong>urbe</strong></span> <span class='ocrx_word' id='word_1_113' title='bbox 954 1553 1060 1630; x_wconf 84' lang='lat' dir='ltr'><strong>refert,</strong></span> <span class='ocrx_word' id='word_1_114' title='bbox 1076 1555 1225 1614; x_wconf 87' lang='lat' dir='ltr'><strong>minitans</strong></span> <span class='ocrx_word' id='word_1_115' title='bbox 1239 1574 1270 1614; x_wconf 87' lang='lat' dir='ltr'><strong>se</strong></span> 
     </span>
     <span class='ocr_line' id='line_1_15' title="bbox 223 1637 1269 1718; baseline -0.002 -17"><span class='ocrx_word' id='word_1_116' title='bbox 223 1661 298 1702; x_wconf 80' lang='lat' dir='ltr'><strong>mox</strong></span> <span class='ocrx_word' id='word_1_117' title='bbox 310 1637 481 1698; x_wconf 89' lang='lat' dir='ltr'><strong>rediturum</strong></span> <span class='ocrx_word' id='word_1_118' title='bbox 495 1657 572 1710; x_wconf 75' lang='lat' dir='ltr'><strong>esse,</strong></span> <span class='ocrx_word' id='word_1_119' title='bbox 587 1638 754 1718; x_wconf 79' lang='lat'>726-730.</span> <span class='ocrx_word' id='word_1_120' title='bbox 768 1637 848 1696; x_wconf 90' lang='lat' dir='ltr'><strong>Eum</strong></span> <span class='ocrx_word' id='word_1_121' title='bbox 863 1654 898 1699; x_wconf 91' lang='lat' dir='ltr'><strong>ut</strong></span> <span class='ocrx_word' id='word_1_122' title='bbox 912 1641 1076 1701; x_wconf 88' lang='lat' dir='ltr'><strong>abeuntem</strong></span> <span class='ocrx_word' id='word_1_123' title='bbox 1088 1640 1192 1701; x_wconf 88' lang='lat' dir='ltr'><strong>vident</strong></span> <span class='ocrx_word' id='word_1_124' title='bbox 1207 1642 1269 1701; x_wconf 87' lang='lat' dir='ltr'><strong>Ro·</strong></span> 
     </span>
     <span class='ocr_line' id='line_1_16' title="bbox 223 1723 1269 1810; baseline 0.001 -23"><span class='ocrx_word' id='word_1_125' title='bbox 223 1730 325 1800; x_wconf 88' lang='lat' dir='ltr'><strong>mani,</strong></span> <span class='ocrx_word' id='word_1_126' title='bbox 346 1729 483 1807; x_wconf 76' lang='lat' dir='ltr'><strong>primum</strong></span> <span class='ocrx_word' id='word_1_127' title='bbox 503 1723 642 1784; x_wconf 91' lang='lat' dir='ltr'><strong>fraudem</strong></span> <span class='ocrx_word' id='word_1_128' title='bbox 663 1723 787 1784; x_wconf 82' lang='lat' dir='ltr'><strong>subesse</strong></span> <span class='ocrx_word' id='word_1_129' title='bbox 805 1727 864 1785; x_wconf 89' lang='lat' dir='ltr'><strong>rati</strong></span> <span class='ocrx_word' id='word_1_130' title='bbox 881 1749 947 1786; x_wconf 92' lang='lat' dir='ltr'><strong>non</strong></span> <span class='ocrx_word' id='word_1_131' title='bbox 964 1747 1088 1788; x_wconf 89' lang='lat' dir='ltr'><strong>omnem</strong></span> <span class='ocrx_word' id='word_1_132' title='bbox 1105 1727 1269 1810; x_wconf 85' lang='lat' dir='ltr'><strong>deponunt</strong></span> 
     </span>
     <span class='ocr_line' id='line_1_17' title="bbox 224 1812 1267 1893; baseline 0 -15"><span class='ocrx_word' id='word_1_133' title='bbox 224 1821 368 1878; x_wconf 87' lang='lat' dir='ltr'><strong>timorem</strong></span> <span class='ocrx_word' id='word_1_134' title='bbox 381 1838 387 1873; x_wconf 92' lang='lat'><strong>:</strong></span> <span class='ocrx_word' id='word_1_135' title='bbox 402 1835 474 1874; x_wconf 87' lang='lat' dir='ltr'><strong>mox</strong></span> <span class='ocrx_word' id='word_1_136' title='bbox 486 1812 577 1873; x_wconf 89' lang='lat' dir='ltr'><strong>hoste</strong></span> <span class='ocrx_word' id='word_1_137' title='bbox 587 1833 621 1872; x_wconf 84' lang='lat' dir='ltr'><strong>ex</strong></span> <span class='ocrx_word' id='word_1_138' title='bbox 633 1815 729 1892; x_wconf 89' lang='lat' dir='ltr'><strong>oculis</strong></span> <span class='ocrx_word' id='word_1_139' title='bbox 739 1812 878 1889; x_wconf 84' lang='lat' dir='ltr'><strong>sublato,</strong></span> <span class='ocrx_word' id='word_1_140' title='bbox 891 1817 952 1876; x_wconf 83' lang='lat' dir='ltr'><strong>laeti</strong></span> <span class='ocrx_word' id='word_1_141' title='bbox 964 1839 1048 1877; x_wconf 87' lang='lat' dir='ltr'><strong>sacra</strong></span> <span class='ocrx_word' id='word_1_142' title='bbox 1058 1819 1124 1878; x_wconf 88' lang='lat' dir='ltr'><strong>Diis</strong></span> <span class='ocrx_word' id='word_1_143' title='bbox 1134 1818 1267 1893; x_wconf 89' lang='lat' dir='ltr'><strong>faciunt,</strong></span> 
     </span>
     <span class='ocr_line' id='line_1_18' title="bbox 222 1901 1268 1986; baseline -0.002 -20"><span class='ocrx_word' id='word_1_144' title='bbox 222 1919 253 1966; x_wconf 88' lang='lat' dir='ltr'><strong>et</strong></span> <span class='ocrx_word' id='word_1_145' title='bbox 265 1907 404 1965; x_wconf 85' lang='lat' dir='ltr'><strong>certatim</strong></span> <span class='ocrx_word' id='word_1_146' title='bbox 420 1904 516 1982; x_wconf 89' lang='lat' dir='ltr'><strong>portis</strong></span> <span class='ocrx_word' id='word_1_147' title='bbox 530 1915 625 1962; x_wconf 91' lang='lat' dir='ltr'><strong>ruunt</strong></span> <span class='ocrx_word' id='word_1_148' title='bbox 637 1903 676 1963; x_wconf 93' lang='lat' dir='ltr'><strong>ad</strong></span> <span class='ocrx_word' id='word_1_149' title='bbox 688 1901 814 1962; x_wconf 84' lang='lat' dir='ltr'><strong>visenda</strong></span> <span class='ocrx_word' id='word_1_150' title='bbox 825 1902 909 1978; x_wconf 90' lang='lat' dir='ltr'><strong>loca,</strong></span> <span class='ocrx_word' id='word_1_151' title='bbox 923 1904 977 1964; x_wconf 91' lang='lat' dir='ltr'><strong>ubi</strong></span> <span class='ocrx_word' id='word_1_152' title='bbox 991 1918 1087 1966; x_wconf 85' lang='lat' dir='ltr'><strong>castra</strong></span> <span class='ocrx_word' id='word_1_153' title='bbox 1102 1918 1268 1986; x_wconf 88' lang='lat' dir='ltr'><strong>posuerant</strong></span> 
     </span>
     <span class='ocr_line' id='line_1_19' title="bbox 222 1993 520 2082; baseline -0.01 -27"><span class='ocrx_word' id='word_1_154' title='bbox 222 1995 326 2067; x_wconf 80' lang='lat' dir='ltr'><strong>Poeni3</strong></span> <span class='ocrx_word' id='word_1_155' title='bbox 343 1993 520 2082; x_wconf 70' lang='lat' dir='ltr'><strong>731--75m¹</strong></span> 
     </span>
    </p>
   </div>
   <div class='ocr_carea' id='block_1_3' title="bbox 157 2364 1134 3220">
    <p class='ocr_par' dir='ltr' id='par_1_3' title="bbox 220 2364 1134 2697">
     <span class='ocr_line' id='line_1_20' title="bbox 221 2364 1032 2484; baseline 0 -21"><span class='ocrx_word' id='word_1_156' title='bbox 221 2364 250 2464; x_wconf 86' lang='lat' dir='ltr'>J</span> <span class='ocrx_word' id='word_1_157' title='bbox 255 2415 302 2460; x_wconf 80' lang='lat' dir='ltr'><strong>au</strong></span> <span class='ocrx_word' id='word_1_158' title='bbox 315 2411 401 2460; x_wconf 86' lang='lat' dir='ltr'><strong>terra</strong></span> <span class='ocrx_word' id='word_1_159' title='bbox 413 2393 547 2482; x_wconf 74' lang='lat' dir='ltr'><strong>glaciale</strong></span> <span class='ocrx_word' id='word_1_160' title='bbox 559 2411 674 2482; x_wconf 90' lang='lat' dir='ltr'><strong>caput,</strong></span> <span class='ocrx_word' id='word_1_161' title='bbox 689 2391 898 2484; x_wconf 89' lang='lat' dir='ltr'><strong>fecundaque</strong></span> <span class='ocrx_word' id='word_1_162' title='bbox 911 2397 1032 2463; x_wconf 89' lang='lat' dir='ltr'><strong>nimbis</strong></span> 
     </span>
     <span class='ocr_line' id='line_1_21' title="bbox 220 2497 1134 2589; baseline 0.008 -25"><span class='ocrx_word' id='word_1_163' title='bbox 220 2497 402 2589; x_wconf 81' lang='lat' dir='ltr'><strong>Tempora,</strong></span> <span class='ocrx_word' id='word_1_164' title='bbox 415 2517 448 2563; x_wconf 89' lang='lat' dir='ltr'><strong>et</strong></span> <span class='ocrx_word' id='word_1_165' title='bbox 459 2497 635 2564; x_wconf 87' lang='lat' dir='ltr'><strong>austrifero</strong></span> <span class='ocrx_word' id='word_1_166' title='bbox 650 2499 842 2566; x_wconf 90' lang='lat' dir='ltr'><strong>nebulosam</strong></span> <span class='ocrx_word' id='word_1_167' title='bbox 855 2503 978 2568; x_wconf 88' lang='lat' dir='ltr'><strong>vertice</strong></span> <span class='ocrx_word' id='word_1_168' title='bbox 991 2504 1134 2571; x_wconf 91' lang='lat' dir='ltr'><strong>frontem</strong></span> 
     </span>
     <span class='ocr_line' id='line_1_22' title="bbox 221 2601 1013 2697; baseline 0.005 -26"><span class='ocrx_word' id='word_1_169' title='bbox 221 2605 350 2672; x_wconf 87' lang='lat' dir='ltr'><strong>Inmitis</strong></span> <span class='ocrx_word' id='word_1_170' title='bbox 362 2602 526 2672; x_wconf 89' lang='lat' dir='ltr'><strong>condebat</strong></span> <span class='ocrx_word' id='word_1_171' title='bbox 537 2601 659 2686; x_wconf 88' lang='lat' dir='ltr'><strong>biems,</strong></span> <span class='ocrx_word' id='word_1_172' title='bbox 673 2603 870 2697; x_wconf 87' lang='lat' dir='ltr'><strong>blandisque</strong></span> <span class='ocrx_word' id='word_1_173' title='bbox 883 2608 1013 2675; x_wconf 84' lang='lat' dir='ltr'><strong>salubre</strong></span> 
     </span>
    </p>

    <p class='ocr_par' dir='ltr' id='par_1_4' title="bbox 219 2710 992 2806">
     <span class='ocr_line' id='line_1_23' title="bbox 219 2710 992 2806; baseline 0.008 -28"><span class='ocrx_word' id='word_1_174' title='bbox 219 2717 289 2779; x_wconf 86' lang='lat' dir='ltr'><strong>Ver</strong></span> <span class='ocrx_word' id='word_1_175' title='bbox 299 2713 458 2806; x_wconf 78' lang='lat' dir='ltr'><strong>Zephyris</strong></span> <span class='ocrx_word' id='word_1_176' title='bbox 470 2710 585 2802; x_wconf 89' lang='lat' dir='ltr'><strong>tepido</strong></span> <span class='ocrx_word' id='word_1_177' title='bbox 598 2712 764 2780; x_wconf 89' lang='lat' dir='ltr'><strong>mulcebat</strong></span> <span class='ocrx_word' id='word_1_178' title='bbox 776 2739 853 2781; x_wconf 88' lang='lat' dir='ltr'><strong>rura</strong></span> <span class='ocrx_word' id='word_1_179' title='bbox 865 2739 992 2783; x_wconf 88' lang='lat' dir='ltr'><strong>sereno.</strong></span> 
     </span>
    </p>

    <p class='ocr_par' dir='ltr' id='par_1_5' title="bbox 157 2821 1066 3220">
     <span class='ocr_line' id='line_1_24' title="bbox 157 2821 947 2912; baseline -0.001 -26"><span class='ocrx_word' id='word_1_180' title='bbox 157 2825 159 2830; x_wconf 79' lang='grc'><strong>’</strong></span> <span class='ocrx_word' id='word_1_181' title='bbox 219 2822 409 2912; x_wconf 87' lang='lat' dir='ltr'><strong>Prorumpit</strong></span> <span class='ocrx_word' id='word_1_182' title='bbox 421 2823 534 2908; x_wconf 87' lang='lat' dir='ltr'><strong>Capua</strong></span> <span class='ocrx_word' id='word_1_183' title='bbox 545 2821 682 2898; x_wconf 88' lang='lat' dir='ltr'><strong>Poenus,</strong></span> <span class='ocrx_word' id='word_1_184' title='bbox 695 2821 870 2909; x_wconf 87' lang='lat' dir='ltr'><strong>vicinaque</strong></span> <span class='ocrx_word' id='word_1_185' title='bbox 882 2822 947 2885; x_wconf 89' lang='lat' dir='ltr'><strong>late</strong></span> 
     </span>
     <span class='ocr_line' id='line_1_25' title="bbox 219 2921 1032 3008; baseline -0.004 -18"><span class='ocrx_word' id='word_1_186' title='bbox 219 2926 392 2990; x_wconf 82' lang='lat' dir='ltr'><strong>Praemisso</strong></span> <span class='ocrx_word' id='word_1_187' title='bbox 404 2941 530 2986; x_wconf 91' lang='lat' dir='ltr'><strong>terrore</strong></span> <span class='ocrx_word' id='word_1_188' title='bbox 544 2925 649 3008; x_wconf 89' lang='lat' dir='ltr'><strong>quatit</strong></span> <span class='ocrx_word' id='word_1_189' title='bbox 661 2946 667 2984; x_wconf 94' lang='lat'>:</span> <span class='ocrx_word' id='word_1_190' title='bbox 682 2945 744 2986; x_wconf 86' lang='lat' dir='ltr'><strong>ceu</strong></span> <span class='ocrx_word' id='word_1_191' title='bbox 756 2921 889 2986; x_wconf 88' lang='lat' dir='ltr'><strong>condita</strong></span> <span class='ocrx_word' id='word_1_192' title='bbox 901 2923 1032 3003; x_wconf 90' lang='lat' dir='ltr'><strong>bruma,</strong></span> 
     </span>
     <span class='ocr_line' id='line_1_26' title="bbox 220 3025 1066 3114; baseline 0 -21"><span class='ocrx_word' id='word_1_193' title='bbox 220 3031 309 3093; x_wconf 91' lang='lat' dir='ltr'><strong>Dum</strong></span> <span class='ocrx_word' id='word_1_194' title='bbox 322 3025 456 3114; x_wconf 88' lang='lat' dir='ltr'><strong>Rhipaea</strong></span> <span class='ocrx_word' id='word_1_195' title='bbox 466 3026 575 3112; x_wconf 81' lang='lat' dir='ltr'><strong>rigent</strong></span> <span class='ocrx_word' id='word_1_196' title='bbox 586 3025 759 3114; x_wconf 76' lang='lat' dir='ltr'><strong>Aquilonis</strong></span> <span class='ocrx_word' id='word_1_197' title='bbox 772 3027 919 3106; x_wconf 90' lang='lat' dir='ltr'><strong>flamina,</strong></span> <span class='ocrx_word' id='word_1_198' title='bbox 932 3027 1066 3093; x_wconf 90' lang='lat' dir='ltr'><strong>tandem</strong></span> 
     </span>
     <span class='ocr_line' id='line_1_27' title="bbox 221 3129 921 3220; baseline -0.009 -20"><span class='ocrx_word' id='word_1_199' title='bbox 221 3133 353 3200; x_wconf 88' lang='lat' dir='ltr'><strong>Evolvit</strong></span> <span class='ocrx_word' id='word_1_200' title='bbox 365 3153 501 3220; x_wconf 88' lang='lat' dir='ltr'><strong>serpens</strong></span> <span class='ocrx_word' id='word_1_201' title='bbox 513 3151 632 3196; x_wconf 87' lang='lat' dir='ltr'><strong>arcano</strong></span> <span class='ocrx_word' id='word_1_202' title='bbox 646 3129 794 3196; x_wconf 90' lang='lat' dir='ltr'><strong>membra</strong></span> <span class='ocrx_word' id='word_1_203' title='bbox 806 3130 921 3212; x_wconf 92' lang='lat' dir='ltr'><strong>cubili,</strong></span> 
     </span>
    </p>
   </div>
   <div class='ocr_carea' id='block_1_4' title="bbox 253 3309 1267 3386">
    <p class='ocr_par' dir='ltr' id='par_1_6' title="bbox 253 3309 1267 3386">
     <span class='ocr_line' id='line_1_28' title="bbox 253 3309 1267 3386; baseline 0.003 -18"><span class='ocrx_word' id='word_1_204' title='bbox 253 3339 274 3369; x_wconf 80' lang='lat' dir='ltr'><strong>a.</strong></span> <span class='ocrx_word' id='word_1_205' title='bbox 291 3309 396 3386; x_wconf 68' lang='lat' dir='ltr'><strong>ostbrsero</strong></span> <span class='ocrx_word' id='word_1_206' title='bbox 411 3323 438 3368; x_wconf 84' lang='lat' dir='ltr'><strong>Il.</strong></span> <span class='ocrx_word' id='word_1_207' title='bbox 459 3337 479 3367; x_wconf 89' lang='lat' dir='ltr'><strong>r.</strong></span> <span class='ocrx_word' id='word_1_208' title='bbox 494 3344 526 3356; x_wconf 90' lang='lat'>-</span> <span class='ocrx_word' id='word_1_209' title='bbox 539 3335 562 3382; x_wconf 77' lang='lat'><strong>7.</strong></span> <span class='ocrx_word' id='word_1_210' title='bbox 578 3318 684 3384; x_wconf 79' lang='lat' dir='ltr'><strong>Ilipltoea,</strong></span> <span class='ocrx_word' id='word_1_211' title='bbox 696 3319 817 3384; x_wconf 74' lang='lat' dir='ltr'><strong>Rhiphaeo,</strong></span> <span class='ocrx_word' id='word_1_212' title='bbox 829 3321 942 3386; x_wconf 75' lang='lat' dir='ltr'><strong>nttptea,</strong></span> <span class='ocrx_word' id='word_1_213' title='bbox 955 3322 1055 3386; x_wconf 80' lang='lat' dir='ltr'><strong>Ilyplroeu</strong></span> <span class='ocrx_word' id='word_1_214' title='bbox 1066 3323 1110 3371; x_wconf 84' lang='lat' dir='ltr'><strong>alli.</strong></span> <span class='ocrx_word' id='word_1_215' title='bbox 1123 3325 1169 3371; x_wconf 82' lang='lat' dir='ltr'><strong>Sed</strong></span> <span class='ocrx_word' id='word_1_216' title='bbox 1179 3324 1225 3372; x_wconf 83' lang='lat' dir='ltr'><strong>rid.</strong></span> <span class='ocrx_word' id='word_1_217' title='bbox 1237 3327 1267 3372; x_wconf 81' lang='lat' dir='ltr'><strong>ad</strong></span> 
     </span>
    </p>
   </div>
   <div class='ocr_carea' id='block_1_5' title="bbox 220 3481 1269 4191">
    <p class='ocr_par' dir='ltr' id='par_1_7' title="bbox 220 3481 1269 4191">
     <span class='ocr_line' id='line_1_29' title="bbox 260 3481 1269 3555; baseline 0 -19"><span class='ocrx_word' id='word_1_218' title='bbox 260 3502 302 3537; x_wconf 88' lang='lat' dir='ltr'><strong>r...</strong></span> <span class='ocrx_word' id='word_1_219' title='bbox 314 3485 340 3536; x_wconf 85' lang='lat'><strong>3.</strong></span> <span class='ocrx_word' id='word_1_220' title='bbox 359 3485 442 3536; x_wconf 88' lang='lat' dir='ltr'><strong>Poeta</strong></span> <span class='ocrx_word' id='word_1_221' title='bbox 459 3483 596 3534; x_wconf 76' lang='lat' dir='ltr'><strong>exornavit</strong></span> <span class='ocrx_word' id='word_1_222' title='bbox 612 3483 723 3535; x_wconf 77' lang='lat' dir='ltr'><strong>liviana</strong></span> <span class='ocrx_word' id='word_1_223' title='bbox 768 3500 808 3551; x_wconf 80' lang='lat' dir='ltr'><strong>rr,</strong></span> <span class='ocrx_word' id='word_1_224' title='bbox 824 3500 850 3549; x_wconf 87' lang='lat' dir='ltr'><strong>r,</strong></span> <span class='ocrx_word' id='word_1_225' title='bbox 863 3503 876 3537; x_wconf 85' lang='lat'>2</span> <span class='ocrx_word' id='word_1_226' title='bbox 889 3497 915 3537; x_wconf 89' lang='lat' dir='ltr'><strong>et</strong></span> <span class='ocrx_word' id='word_1_227' title='bbox 925 3483 959 3537; x_wconf 89' lang='lat' dir='ltr'><strong>al.</strong></span> <span class='ocrx_word' id='word_1_228' title='bbox 969 3514 1005 3524; x_wconf 89' lang='lat'>—</span> <span class='ocrx_word' id='word_1_229' title='bbox 1015 3484 1095 3536; x_wconf 70' lang='lat' dir='ltr'><strong>luimus</strong></span> <span class='ocrx_word' id='word_1_230' title='bbox 1102 3481 1216 3555; x_wconf 79' lang='lat' dir='ltr'><strong>placiule</strong></span> <span class='ocrx_word' id='word_1_231' title='bbox 1227 3504 1269 3536; x_wconf 85' lang='lat' dir='ltr'><strong>ca·</strong></span> 
     </span>
     <span class='ocr_line' id='line_1_30' title="bbox 220 3559 1267 3636; baseline 0 -20"><span class='ocrx_word' id='word_1_232' title='bbox 220 3562 285 3636; x_wconf 90' lang='lat' dir='ltr'><strong>(lib.</strong></span> <span class='ocrx_word' id='word_1_233' title='bbox 302 3563 399 3628; x_wconf 80' lang='lat' dir='ltr'><strong>XXIII,</strong></span> <span class='ocrx_word' id='word_1_234' title='bbox 421 3563 484 3635; x_wconf 82' lang='lat'><strong>19),</strong></span> <span class='ocrx_word' id='word_1_235' title='bbox 502 3559 648 3614; x_wconf 76' lang='lat' dir='ltr'><strong>mitescente</strong></span> <span class='ocrx_word' id='word_1_236' title='bbox 664 3564 721 3634; x_wconf 79' lang='lat' dir='ltr'><strong>jum</strong></span> <span class='ocrx_word' id='word_1_237' title='bbox 764 3575 816 3636; x_wconf 85' lang='lat' dir='ltr'><strong>put</strong></span> <span class='ocrx_word' id='word_1_238' title='bbox 826 3565 913 3618; x_wconf 79' lang='lat' dir='ltr'><strong>condit</strong></span> <span class='ocrx_word' id='word_1_239' title='bbox 925 3578 1004 3630; x_wconf 85' lang='lat' dir='ltr'><strong>terra,</strong></span> <span class='ocrx_word' id='word_1_240' title='bbox 1016 3563 1095 3616; x_wconf 87' lang='lat' dir='ltr'><strong>docte</strong></span> <span class='ocrx_word' id='word_1_241' title='bbox 1108 3581 1172 3634; x_wconf 92' lang='lat' dir='ltr'><strong>pro,</strong></span> <span class='ocrx_word' id='word_1_242' title='bbox 1182 3565 1267 3636; x_wconf 69' lang='lat' dir='ltr'><strong>frigus</strong></span> 
     </span>
     <span class='ocr_line' id='line_1_31' title="bbox 221 3640 1268 3708; baseline 0.001 -15"><span class='ocrx_word' id='word_1_243' title='bbox 221 3642 319 3708; x_wconf 82' lang='lat' dir='ltr'><strong>hieme,</strong></span> <span class='ocrx_word' id='word_1_244' title='bbox 336 3643 451 3707; x_wconf 69' lang='lat' dir='ltr'><strong>eductu,</strong></span> <span class='ocrx_word' id='word_1_245' title='bbox 466 3659 497 3692; x_wconf 82' lang='lat' dir='ltr'><strong>ex</strong></span> <span class='ocrx_word' id='word_1_246' title='bbox 514 3641 626 3692; x_wconf 78' lang='lat' dir='ltr'><strong>bibernis</strong></span> <span class='ocrx_word' id='word_1_247' title='bbox 638 3640 720 3694; x_wconf 81' lang='lat' dir='ltr'><strong>miles.</strong></span> <span class='ocrx_word' id='word_1_248' title='bbox 766 3656 865 3696; x_wconf 83' lang='lat' dir='ltr'><strong>terrum</strong></span> <span class='ocrx_word' id='word_1_249' title='bbox 878 3643 966 3706; x_wconf 84' lang='lat' dir='ltr'><strong>subit,</strong></span> <span class='ocrx_word' id='word_1_250' title='bbox 979 3657 1048 3697; x_wconf 84' lang='lat' dir='ltr'><strong>terro</strong></span> <span class='ocrx_word' id='word_1_251' title='bbox 1059 3643 1150 3696; x_wconf 88' lang='lat' dir='ltr'><strong>clausa</strong></span> <span class='ocrx_word' id='word_1_252' title='bbox 1161 3643 1203 3696; x_wconf 85' lang='lat' dir='ltr'><strong>vel</strong></span> <span class='ocrx_word' id='word_1_253' title='bbox 1219 3643 1268 3695; x_wconf 83' lang='lat' dir='ltr'><strong>atl-</strong></span> 
     </span>
     <span class='ocr_line' id='line_1_32' title="bbox 220 3719 1266 3794; baseline 0.002 -22"><span class='ocrx_word' id='word_1_254' title='bbox 220 3720 302 3773; x_wconf 79' lang='lat' dir='ltr'><strong>Notio</strong></span> <span class='ocrx_word' id='word_1_255' title='bbox 314 3719 421 3786; x_wconf 71' lang='lat' dir='ltr'><strong>timis,</strong></span> <span class='ocrx_word' id='word_1_256' title='bbox 436 3722 524 3788; x_wconf 85' lang='lat' dir='ltr'><strong>cujus,</strong></span> <span class='ocrx_word' id='word_1_257' title='bbox 540 3733 571 3771; x_wconf 82' lang='lat' dir='ltr'><strong>ut</strong></span> <span class='ocrx_word' id='word_1_258' title='bbox 585 3737 721 3791; x_wconf 76' lang='lat' dir='ltr'><strong>personae,</strong></span> <span class='ocrx_word' id='word_1_259' title='bbox 767 3725 857 3774; x_wconf 86' lang='lat' dir='ltr'><strong>stricta</strong></span> <span class='ocrx_word' id='word_1_260' title='bbox 867 3723 953 3794; x_wconf 75' lang='lat' dir='ltr'><strong>glacie</strong></span> <span class='ocrx_word' id='word_1_261' title='bbox 962 3722 1101 3788; x_wconf 78' lang='lat' dir='ltr'><strong>mulcetur,</strong></span> <span class='ocrx_word' id='word_1_262' title='bbox 1115 3723 1141 3774; x_wconf 90' lang='lat' dir='ltr'><strong>b.</strong></span> <span class='ocrx_word' id='word_1_263' title='bbox 1153 3742 1176 3774; x_wconf 91' lang='lat' dir='ltr'><strong>e.</strong></span> <span class='ocrx_word' id='word_1_264' title='bbox 1187 3722 1266 3774; x_wconf 83' lang='lat' dir='ltr'><strong>solvi·</strong></span> 
     </span>
     <span class='ocr_line' id='line_1_33' title="bbox 221 3799 1264 3872; baseline -0.003 -18"><span class='ocrx_word' id='word_1_265' title='bbox 221 3813 248 3854; x_wconf 89' lang='lat' dir='ltr'><strong>et</strong></span> <span class='ocrx_word' id='word_1_266' title='bbox 259 3811 339 3872; x_wconf 85' lang='lat' dir='ltr'><strong>caput</strong></span> <span class='ocrx_word' id='word_1_267' title='bbox 352 3813 378 3852; x_wconf 89' lang='lat' dir='ltr'><strong>et</strong></span> <span class='ocrx_word' id='word_1_268' title='bbox 393 3811 509 3871; x_wconf 83' lang='lat' dir='ltr'><strong>tempora</strong></span> <span class='ocrx_word' id='word_1_269' title='bbox 525 3813 552 3852; x_wconf 90' lang='lat' dir='ltr'><strong>et</strong></span> <span class='ocrx_word' id='word_1_270' title='bbox 570 3812 655 3852; x_wconf 75' lang='lat' dir='ltr'><strong>vertex</strong></span> <span class='ocrx_word' id='word_1_271' title='bbox 671 3799 721 3852; x_wconf 88' lang='lat' dir='ltr'><strong>ad·</strong></span> <span class='ocrx_word' id='word_1_272' title='bbox 766 3803 890 3870; x_wconf 66' lang='lat' dir='ltr'><strong>tun-l.</strong></span> <span class='ocrx_word' id='word_1_273' title='bbox 903 3821 990 3854; x_wconf 85' lang='lat' dir='ltr'><strong>sereno</strong></span> <span class='ocrx_word' id='word_1_274' title='bbox 998 3825 1007 3862; x_wconf 87' lang='lat'><strong>‚·</strong></span> <span class='ocrx_word' id='word_1_275' title='bbox 1019 3819 1044 3852; x_wconf 84' lang='lat' dir='ltr'><strong>r.</strong></span> <span class='ocrx_word' id='word_1_276' title='bbox 1058 3799 1091 3853; x_wconf 86' lang='lat' dir='ltr'><strong>ad</strong></span> <span class='ocrx_word' id='word_1_277' title='bbox 1105 3803 1137 3865; x_wconf 85' lang='lat' dir='ltr'><strong>V,</strong></span> <span class='ocrx_word' id='word_1_278' title='bbox 1148 3799 1264 3853; x_wconf 73' lang='lat' dir='ltr'><strong>stt-5.</strong></span> 
     </span>
     <span class='ocr_line' id='line_1_34' title="bbox 221 3877 1265 3953; baseline -0.002 -21"><span class='ocrx_word' id='word_1_279' title='bbox 221 3880 388 3946; x_wconf 83' lang='lat' dir='ltr'><strong>umbrantur,</strong></span> <span class='ocrx_word' id='word_1_280' title='bbox 395 3899 426 3932; x_wconf 86' lang='lat' dir='ltr'><strong>ac</strong></span> <span class='ocrx_word' id='word_1_281' title='bbox 433 3882 503 3932; x_wconf 85' lang='lat' dir='ltr'><strong>veris</strong></span> <span class='ocrx_word' id='word_1_282' title='bbox 511 3878 640 3933; x_wconf 84' lang='lat' dir='ltr'><strong>adventus</strong></span> <span class='ocrx_word' id='word_1_283' title='bbox 649 3879 722 3932; x_wconf 82' lang='lat' dir='ltr'><strong>luxu·</strong></span> <span class='ocrx_word' id='word_1_284' title='bbox 767 3881 851 3932; x_wconf 82' lang='lat' dir='ltr'><strong>vicina</strong></span> <span class='ocrx_word' id='word_1_285' title='bbox 858 3880 917 3933; x_wconf 86' lang='lat' dir='ltr'><strong>locu</strong></span> <span class='ocrx_word' id='word_1_286' title='bbox 927 3893 1018 3933; x_wconf 77' lang='lat' dir='ltr'><strong>terrore</strong></span> <span class='ocrx_word' id='word_1_287' title='bbox 1025 3881 1122 3953; x_wconf 82' lang='lat' dir='ltr'><strong>quatit,</strong></span> <span class='ocrx_word' id='word_1_288' title='bbox 1134 3877 1265 3941; x_wconf 64' lang='lat' dir='ltr'><strong>lanfran,</strong></span> 
     </span>
     <span class='ocr_line' id='line_1_35' title="bbox 221 3957 1264 4031; baseline 0 -21"><span class='ocrx_word' id='word_1_289' title='bbox 221 3961 333 4012; x_wconf 87' lang='lat' dir='ltr'><strong>riantins</strong></span> <span class='ocrx_word' id='word_1_290' title='bbox 348 3959 607 4030; x_wconf 84' lang='lat' dir='ltr'><strong>exprimitur,quam</strong></span> <span class='ocrx_word' id='word_1_291' title='bbox 619 3977 634 4010; x_wconf 86' lang='lat' dir='ltr'><strong>a</strong></span> <span class='ocrx_word' id='word_1_292' title='bbox 647 3959 720 4030; x_wconf 75' lang='lat' dir='ltr'><strong>Virg.</strong></span> <span class='ocrx_word' id='word_1_293' title='bbox 765 3959 894 4031; x_wconf 85' lang='lat' dir='ltr'><strong>percellit.</strong></span> <span class='ocrx_word' id='word_1_294' title='bbox 911 3991 947 4001; x_wconf 88' lang='lat'>—</span> <span class='ocrx_word' id='word_1_295' title='bbox 964 3959 1009 4013; x_wconf 88' lang='lat'><strong>6...</strong></span> <span class='ocrx_word' id='word_1_296' title='bbox 1031 3961 1056 4011; x_wconf 82' lang='lat'><strong>8.</strong></span> <span class='ocrx_word' id='word_1_297' title='bbox 1074 3957 1220 4011; x_wconf 85' lang='lat' dir='ltr'><strong>Commoda</strong></span> <span class='ocrx_word' id='word_1_298' title='bbox 1237 3974 1264 4012; x_wconf 88' lang='lat' dir='ltr'><strong>et</strong></span> 
     </span>
     <span class='ocr_line' id='line_1_36' title="bbox 220 4037 1263 4112; baseline 0.001 -21"><span class='ocrx_word' id='word_1_299' title='bbox 220 4041 268 4094; x_wconf 87' lang='lat' dir='ltr'><strong>Ge.</strong></span> <span class='ocrx_word' id='word_1_300' title='bbox 280 4042 305 4107; x_wconf 86' lang='lat' dir='ltr'><strong>I,</strong></span> <span class='ocrx_word' id='word_1_301' title='bbox 315 4039 349 4108; x_wconf 72' lang='grc'><strong>43</strong></span> <span class='ocrx_word' id='word_1_302' title='bbox 359 4057 415 4110; x_wconf 83' lang='lat' dir='ltr'><strong>seq.</strong></span> <span class='ocrx_word' id='word_1_303' title='bbox 427 4039 465 4103; x_wconf 92' lang='lat' dir='ltr'><strong>Il,</strong></span> <span class='ocrx_word' id='word_1_304' title='bbox 478 4037 530 4092; x_wconf 84' lang='lat'><strong>330</strong></span> <span class='ocrx_word' id='word_1_305' title='bbox 542 4055 612 4109; x_wconf 81' lang='lat' dir='ltr'><strong>req.;</strong></span> <span class='ocrx_word' id='word_1_306' title='bbox 626 4039 671 4098; x_wconf 82' lang='lat' dir='ltr'><strong>IV,</strong></span> <span class='ocrx_word' id='word_1_307' title='bbox 686 4037 716 4092; x_wconf 82' lang='lat'><strong>51</strong></span> <span class='ocrx_word' id='word_1_308' title='bbox 764 4040 894 4112; x_wconf 70' lang='lat' dir='ltr'><strong>praeclara</strong></span> <span class='ocrx_word' id='word_1_309' title='bbox 910 4041 1089 4111; x_wconf 86' lang='lat' dir='ltr'><strong>comparatio,</strong></span> <span class='ocrx_word' id='word_1_310' title='bbox 1107 4057 1186 4109; x_wconf 87' lang='lat' dir='ltr'><strong>quam</strong></span> <span class='ocrx_word' id='word_1_311' title='bbox 1200 4058 1263 4110; x_wconf 82' lang='lat' dir='ltr'><strong>poa·</strong></span> 
     </span>
     <span class='ocr_line' id='line_1_37' title="bbox 220 4116 1261 4191; baseline -0.001 -19"><span class='ocrx_word' id='word_1_312' title='bbox 220 4138 292 4191; x_wconf 87' lang='lat' dir='ltr'><strong>seq.;</strong></span> <span class='ocrx_word' id='word_1_313' title='bbox 304 4120 381 4172; x_wconf 90' lang='lat' dir='ltr'><strong>Lucr.</strong></span> <span class='ocrx_word' id='word_1_314' title='bbox 396 4121 421 4188; x_wconf 90' lang='lat'><strong>1,</strong></span> <span class='ocrx_word' id='word_1_315' title='bbox 437 4135 481 4184; x_wconf 85' lang='lat' dir='ltr'><strong>to,</strong></span> <span class='ocrx_word' id='word_1_316' title='bbox 495 4135 523 4170; x_wconf 86' lang='lat' dir='ltr'><strong>rr</strong></span> <span class='ocrx_word' id='word_1_317' title='bbox 532 4138 539 4180; x_wconf 87' lang='lat'>;</span> <span class='ocrx_word' id='word_1_318' title='bbox 552 4118 616 4171; x_wconf 89' lang='lat' dir='ltr'><strong>Hor.</strong></span> <span class='ocrx_word' id='word_1_319' title='bbox 628 4116 680 4172; x_wconf 87' lang='lat' dir='ltr'><strong>Od.</strong></span> <span class='ocrx_word' id='word_1_320' title='bbox 694 4121 719 4186; x_wconf 91' lang='lat'><strong>1,</strong></span> <span class='ocrx_word' id='word_1_321' title='bbox 765 4133 793 4173; x_wconf 85' lang='lat' dir='ltr'><strong>ta</strong></span> <span class='ocrx_word' id='word_1_322' title='bbox 809 4119 890 4173; x_wconf 83' lang='lat' dir='ltr'><strong>debet</strong></span> <span class='ocrx_word' id='word_1_323' title='bbox 905 4120 1011 4174; x_wconf 85' lang='lat' dir='ltr'><strong>Maroni</strong></span> <span class='ocrx_word' id='word_1_324' title='bbox 1021 4121 1078 4172; x_wconf 81' lang='lat' dir='ltr'><strong>AEn.</strong></span> <span class='ocrx_word' id='word_1_325' title='bbox 1089 4119 1130 4188; x_wconf 79' lang='lat'><strong>11,</strong></span> <span class='ocrx_word' id='word_1_326' title='bbox 1137 4118 1185 4188; x_wconf 70' lang='lat'><strong>471</strong></span> <span class='ocrx_word' id='word_1_327' title='bbox 1202 4135 1261 4189; x_wconf 84' lang='lat' dir='ltr'><strong>sqq.</strong></span> 
     </span>
    </p>
   </div>
   <div class='ocr_carea' id='block_1_6' title="bbox 0 0 1482 4670">
    <p class='ocr_par' dir='ltr' id='par_1_8' title="bbox 0 0 1482 4670">
     <span class='ocr_line' id='line_1_38' title="bbox 0 0 1482 4670; baseline 0 4"><span class='ocrx_word' id='word_1_328' title='bbox 0 0 1482 4670; x_wconf 95' lang='lat' dir='ltr'><strong> </strong></span> 
     </span>
    </p>
   </div>
  </div>
 </body>
</html>
