2930 4644
374 344 438 408 DE
461 339 580 410 SILII
603 339 719 404 VITA
742 339 804 404 ET
828 340 1062 408 catulus.
1111 279 1121 298 ἰ
1181 345 1244 434 439

190 487 327 558 numm,
339 495 491 565 quantam
503 479 814 556 Coloniensis‚fidem
825 495 991 558 mereatur,
1001 483 1131 544 minime
1141 495 1246 548 tamen

192 567 397 652 negligendus
412 585 469 646 est3
490 584 559 632 tum
575 568 660 653 qnod
678 571 850 631 innumeris
865 571 940 632 locis
955 571 1124 632 verissimas
1138 574 1246 656 Agrip-

193 651 347 739 pinatium
367 663 624 725 membranarum
646 659 790 722 lectiones
808 682 828 721 a
846 659 951 721 Modio
971 659 1109 722 laudatas
1128 665 1247 746 egregie

192 743 309 824 firmet,
330 763 399 812 tum
419 751 560 834 inprimis
576 747 663 832 qnod
679 748 837 830 integrum
856 746 946 808 nobis
965 745 1071 808 Silium
1091 747 1246 828 exhibeat,

193 855 292 915 quum
306 841 551 923 manuscriptum
563 837 758 914 Coloniense,
768 860 786 898 a
798 836 929 898 barbara
943 855 1040 896 manu
1053 852 1247 916 truncatum,

191 923 319 991 dimidio
331 930 401 992 iibri
412 932 485 992 sexti
501 929 612 991 decimi
629 940 659 990 at
675 941 738 990 toto
755 927 865 988 ultimo
881 941 992 988 careat.
1005 925 1145 988 Barthius
1160 949 1246 1006 vero,

192 1015 246 1094 qui
262 1020 439 1102 ceteroquin
457 1018 577 1080 lumine
597 1017 710 1078 mentis
726 1037 822 1099 quam
841 1017 989 1076 aoerrimo
1005 1015 1149 1098 praeditus
1166 1031 1246 1095 erat,

191 1101 268 1168 dum
281 1107 468 1191 Dansqueio,
483 1128 577 1190 quem
591 1107 685 1191 poetis
696 1104 878 1168 enarrandis
890 1104 982 1186 longe
995 1105 1166 1187 precellere
1178 1127 1246 1168 oen·

190 1195 289 1272 sebas,
305 1221 343 1262 ac
358 1201 459 1283 piures
472 1200 631 1283 scriptores
647 1197 813 1259 illustrasse
824 1196 966 1280 optabat,
983 1209 1091 1257 contra
1107 1197 1247 1260 Modiam

191 1298 221 1346 et
239 1287 401 1352 Heinsium
422 1289 491 1372 plus
508 1308 598 1372 aequo
615 1287 713 1362 favet,
734 1307 799 1347 non
818 1303 904 1361 raro,
924 1299 960 1346 ut
976 1285 1054 1346 alter
1070 1285 1172 1363 Ixion,
1191 1309 1248 1371 pro

192 1373 316 1436 Junone
333 1377 449 1438 nubem
468 1375 625 1458 amplexus
640 1387 694 1436 est.
711 1371 912 1456 Handlonge
928 1383 995 1456 post
1008 1372 1170 1434 Barthium
1184 1375 1248 1438 Silii

192 1463 402 1526 emendationi
413 1465 506 1526 marn
519 1465 663 1526 animum
672 1461 832 1524 intendere
841 1463 934 1546 coepit
944 1465 1073 1524 Josmms
1081 1463 1250 1526 steterim

194 1551 370 1630 Gronovius,
386 1554 487 1636 quiin
499 1553 770 1616 Observationibns
781 1565 812 1614 et
826 1553 893 1614 aliis
908 1553 1026 1636 seriptis
1037 1555 1189 1636 egregiam
1202 1555 1248 1614 lu·

192 1661 258 1704 cem
272 1643 495 1706 difficilioribus
511 1665 547 1706 ac
559 1665 623 1726 pre
635 1643 759 1726 reliquis
769 1644 912 1727 depositis
924 1657 955 1704 et
966 1643 1164 1706 conclamatis
1176 1645 1248 1707 iocis

192 1730 316 1812 ingenio
332 1745 364 1794 et
373 1753 432 1817 ope
443 1735 719 1796 vetustissimarum
734 1733 906 1794 editionum
922 1726 1053 1794 adfudit.
1065 1733 1249 1794 -Ultimus

192 1817 327 1903 denique
345 1835 451 1884 nostra
467 1823 620 1884 memoria
636 1821 742 1884 Silium
760 1841 847 1884 anno
858 1821 951 1904 elapsi
965 1821 1057 1884 seculi
1069 1821 1179 1904 quinto
1197 1841 1247 1882 su·

192 1928 248 1988 pra
265 1913 502 1994 nonagesimum
515 1912 624 1993 Lipsiae
636 1911 670 1970 in
683 1910 843 1992 publicum
859 1911 958 1972 emisit
970 1908 1123 1985 Ceiiarisss,
1142 1913 1197 1991 qui
1212 1931 1247 1972 ex

191 1995 343 2076 prioribus
368 1999 494 2072 criticis,
517 1998 645 2073 Modio,
664 1995 806 2074 Barthio,
827 1997 1001 2073 Gronovio‚
1022 1998 1086 2058 Nic.
1108 1999 1253 2074 Heinsio,

189 2084 330 2166 aliisque,
346 2107 417 2169 quae
434 2089 586 2171 precipue
601 2087 641 2148 ad
658 2099 756 2168 poetas
771 2088 869 2147 nostri
884 2098 1032 2150 ornatum
1047 2108 1083 2147 ac
1098 2087 1190 2148 decus
1201 2087 1247 2148 fa·
1281 2123 1298 2179 4

188 2195 255 2236 cere
271 2175 470 2253 videbantur,
488 2169 694 2260 conquirens,
708 2178 805 2259 iisque
819 2189 909 2238 notas
926 2197 995 2238 suas
1013 2177 1143 2252 addens,
1162 2197 1248 2240 accu-

187 2279 289 2328 ratam
304 2270 378 2329 satis
391 2281 484 2350 atque
497 2271 685 2330 oonoinnam
700 2267 866 2330 editionem
876 2267 972 2328 dedit.
983 2267 1118 2329 Maxime
1128 2267 1246 2328 veroin

187 2353 371 2436 praefatione
386 2356 426 2416 ad
444 2358 602 2417 lectorem
618 2354 726 2417 laudat
741 2367 773 2418 et
788 2355 934 2438 praedicat
951 2356 1140 2417 Fridericnm
1155 2355 1248 2417 Benc-

188 2441 308 2502 dictum
323 2445 545 2526 Carpsovium,
560 2444 645 2525 quod
663 2443 830 2504 editionem
845 2445 929 2504 Dan.
947 2444 1080 2518 Heinsii‚
1098 2445 1148 2504 cni
1165 2442 1247 2506 filius

189 2529 334 2591 Nicolaus
346 2531 488 2592 Heinsius
503 2551 602 2591 manu
617 2551 673 2592 sua
690 2531 792 2612 piures
810 2531 999 2613 conjecturas
1017 2544 1047 2592 et
1063 2530 1247 2594 emendatio

192 2638 245 2678 nes
256 2617 462 2700 adscripserit,
474 2618 704 2679 communicare
713 2617 858 2692 voluerit,
874 2633 910 2678 ut
921 2639 984 2694 eas,
1002 2631 1163 2700 tamquam
1179 2642 1247 2702 pre·

192 2709 365 2769 siccissimas
381 2729 530 2790 gemmas,
549 2707 801 2768 adnotationibus
816 2706 878 2768 snis
893 2708 1075 2770 inmisceret
1088 2711 1204 2770 Verum
1217 2725 1247 2772 et

190 2797 396 2878 Carpzorium
406 2809 437 2858 et
448 2797 614 2858 Cellas-ium
629 2797 783 2879 opinionis
795 2795 890 2878 hujus
901 2795 995 2858 falsos
1004 2795 1096 2858 fuisse
1107 2796 1191 2859 haud
1203 2801 1246 2861 ita

192 2883 311 2966 pridem
332 2905 403 2944 casu
424 2885 560 2966 quodam
579 2884 681 2946 didici.
704 2883 901 2944 Adornandae
919 2885 1005 2944 enim
1025 2882 1098 2946 huic
1120 2885 1258 2948 editioni

190 2971 323 3032 subsidia
342 2974 587 3055 circumspiciens
605 2971 699 3034 incidi
717 2973 751 3032 in
768 2969 928 3032 Coiomedi
944 2971 1120 3054 catalogum
1136 2994 1246 3034 manu·

188 3063 374 3146 scriptorum
391 3064 484 3125 lssaci
501 3064 611 3139 vossii,
627 3064 661 3124 in
676 3081 740 3144 quo
755 3065 836 3122 inter
847 3061 940 3124 libros
955 3064 1081 3124 Latiam
1096 3084 1168 3125 cum
1180 3085 1246 3126 ms·

189 3153 355 3234 nustriptis
370 3151 494 3214 collatos
507 3169 596 3214 nnm.
611 3171 704 3212 cxxix
721 3161 927 3212 memoratum
943 3147 1049 3210 inveni
1064 3148 1172 3212 Silium
1186 3153 1245 3214 Ita·

190 3241 279 3303 licum
291 3243 406 3302 Heinsii
417 3262 485 3303 cum
499 3241 703 3322 manuscriptis
716 3236 866 3301 attatum.
882 3239 989 3316 Quum
1005 3251 1110 3301 autem
1126 3239 1245 3322 ingenti

187 3329 337 3392 desiderio
354 3342 474 3390 tenerer
492 3327 585 3410 hujus
602 3327 673 3389 libri
691 3325 816 3389 ridendi
833 3349 869 3389 ac
886 3327 1041 3404 versandi,
1058 3349 1152 3410 quem
1173 3349 1246 3390 cum

189 3417 255 3478 aliis
263 3416 410 3478 omnibus
420 3416 484 3499 ejus
492 3418 610 3499 genens
620 3416 774 3478 Vossianis
783 3415 952 3478 Academia
960 3416 1246 3499 LugdunoBatavae

189 3507 351 3568 Curatores
362 3505 549 3588 Amplissimi
565 3505 706 3568 maximis
722 3507 856 3588 inpensis
872 3527 908 3568 ac
921 3504 1074 3567 sumtibus
1085 3503 1246 3566 bibliotho—

190 3611 233 3653 cae
254 3593 383 3675 publice
406 3593 652 3669 vindicaverant,
675 3591 870 3654 humanitate
892 3593 1019 3656 tandem
1041 3613 1077 3654 ac
1099 3591 1246 3658 beneficio
1279 3616 1284 3634 ¹

192 3682 336 3744 Wottedi
348 3683 527 3767 Sengtserdii
542 3697 574 3745 et
589 3682 694 3744 Jacobi
711 3683 858 3744 Gronovii
874 3685 937 3743 voti
953 3701 1077 3766 compos
1094 3681 1195 3744 factus
1212 3685 1247 3748 in

190 3773 289 3852 capite
305 3771 370 3854 ejus
387 3771 453 3836 haec
465 3794 561 3836 manu
574 3774 670 3834 Vossii
689 3771 836 3834 adnotata
855 3773 969 3855 reperi,
983 3770 1107 3832 «Multa
1124 3773 1157 3832 in
1174 3773 1246 3838 Silio

191 3859 351 3941 castigma,
368 3865 567 3945 asterisooque
584 3875 705 3937 notata,
722 3873 752 3922 et
767 3874 905 3945 exoerpta
919 3883 954 3922 ex
966 3860 1163 3922 lllustrissimi
1179 3861 1247 3925 Sca·

190 3945 278 4029 ligeri
289 3949 469 4032 exemplari,
481 3971 578 4012 manu
589 3950 671 4010 iilius
683 3971 702 4010 a
713 3949 833 4012 mendis
844 3963 1007 4034 purgatos
1022 3949 1129 4036 Quum
1141 3963 1245 4012 autem

192 4031 258 4096 hec
278 4038 384 4120 omnia
404 4037 638 4122 descripsissem,
656 4038 786 4100 domum
804 4037 900 4100 redux
919 4041 1022 4100 statim
1044 4035 1246 4120 deprehendi,

190 4146 242 4202 ea,
259 4144 331 4210 que
349 4125 497 4192 &umus
517 4149 536 4190 a
557 4128 725 4212 Carpzosio
745 4127 919 4240 adceperas,
940 4129 1002 4192 Jos,
1021 4126 1171 4207 Scaligero
1191 4125 1245 4186 tri·
