2930 4644
380 337 722 406 DESlLll'VlTA
745 337 806 401 ET
830 338 1063 406 CARMINE.
1183 347 1246 426 403
1324 401 1331 415 .

1 531 15 567 ζ,
113 524 120 535 .
196 484 298 556 .eit,et
310 480 349 539 ab
361 477 456 538 altera
467 477 559 536 etiam
574 489 661 558 parte
675 477 817 557 usurpari
831 496 915 557 posse
927 479 1055 540 videtur.
1068 482 1097 541 Si
1111 483 1196 544 enim
1210 485 1250 544 ab

199 569 304 630 Italica
322 569 478 650 Hispanias
497 585 561 626 non
580 566 649 626 licet
666 565 784 625 Italicus
801 565 949 643 formare,
966 569 1015 628 sed
1031 573 1251 632 tantummodo

199 661 377 732 Italicensis;
391 679 452 741 qua
467 657 531 737 lege
543 657 745 716 constitutum
757 669 816 732 est,
829 671 864 715 ut
878 657 918 715 ab
931 659 1033 718 Italica
1045 661 1153 736 ttatiae,
1166 663 1249 744 quod

199 749 292 830 plane
311 747 392 808 idern
412 767 525 809 nomeu
544 757 601 820 est,
618 765 685 804 non
704 742 876 819 italicensis,
897 745 946 805 sed
965 745 1081 810 Italicus
1094 741 1251 812 dicamus?

201 851 255 898 aut
268 838 292 896 si
307 837 438 898 alterurn
449 835 487 894 de
498 835 697 916 Pelignorum
712 834 789 893 urbe
804 854 866 893 non
882 835 1111 916 inprobandum
1124 853 1181 913 est,
1195 861 1251 901 cur

198 947 264 988 non
286 926 367 986 idem
388 925 475 985 liceat
495 923 534 984 de
553 923 631 982 urbe
651 922 854 983 Baeticorum?
874 926 911 983 At
932 946 1022 988 usum
1043 928 1085 986 ita
1105 927 1184 989 ferre
1207 933 1251 991 in.

201 1017 327 1099 quiunt,
349 1017 402 1098 qui
422 1016 519 1075 instar
537 1014 611 1094 legis
630 1015 669 1072 ab
688 1014 832 1074 omnibus
850 1029 1018 1075 censeatur.
1037 1017 1089 1076 Est
1109 1020 1165 1092 ita,
1184 1035 1251 1080 uta

199 1110 310 1169 Baetica
329 1107 406 1168 urbe
421 1105 579 1167 italicensis
594 1119 625 1164 et
644 1104 759 1166 Gellius
778 1104 808 1163 d.
830 1104 850 1164 l.
872 1120 902 1164 et
923 1117 1029 1166 auctor
1052 1107 1123 1167 belli
1143 1113 1252 1192 Hispa

199 1199 306 1255 niarasis
324 1208 353 1255 et
375 1194 523 1267 Africani,
545 1193 606 1252 sive
628 1192 746 1251 Hirtius
764 1191 839 1266 fuit,
860 1193 920 1251 sivc
939 1193 1072 1278 Oppius,
1095 1196 1176 1276 quod
1191 1217 1254 1256 ma⁴

195 1285 269 1345 lunt
288 1286 356 1358 alii3
376 1297 405 1344 et
424 1281 549 1342 laudata
569 1281 765 1362 inscriptione
781 1282 837 1362 ipsi
853 1283 1053 1362 provinciales
1067 1283 1251 1346 derivarint:

198 1397 238 1435 an
259 1395 331 1435 vero
350 1372 542 1456 prohibitum
561 1371 654 1430 fucrit
673 1371 819 1446 alterum,
841 1371 871 1430 id
891 1373 990 1432 tribus
1004 1374 1161 1456 exemplis,
1185 1397 1253 1457 quas

195 1469 308 1524 contra
331 1476 420 1537 sunt,
445 1483 508 1521 non
530 1459 643 1520 suflicit
667 1459 838 1519 ostendisse.
863 1461 909 1519 De
930 1462 1128 1542 Pelignorum
1152 1479 1254 1524 autem

200 1553 278 1611 urbe
297 1550 401 1610 nullus
423 1571 508 1624 usus,
526 1549 654 1608 nullum
674 1548 849 1629 exemplum
871 1548 984 1608 adferri
1009 1565 1122 1632 potest,
1147 1565 1254 1613 utrum

200 1640 335 1714 Italicus,
352 1661 392 1699 an
407 1637 566 1699 italicensis
587 1660 621 1698 ex
639 1659 673 1697 ea
693 1637 844 1698 deilexurn
864 1637 972 1698 fuerit:
998 1655 1027 1700 et
1046 1643 1070 1704 si
1089 1642 1127 1702 de
1146 1645 1255 1704 Baetica

200 1731 368 1813 probatum
387 1731 458 1789 satis
476 1744 536 1803 est,
558 1727 721 1788 Italicenses
739 1749 823 1804 suos,
849 1749 912 1787 non
934 1727 1049 1790 Italicos
1070 1732 1254 1812 adpellasse3

200 1821 282 1879 idern
301 1821 393 1878 etiarn
413 1818 450 1876 de
469 1817 596 1898 Peligna
610 1817 686 1876 urbe
700 1816 834 1891 facilius,
850 1835 945 1898 quam
960 1818 1089 1878 alteram
1103 1821 1253 1895 formam,

198 1908 329 1978 Italicus,
345 1907 533 1968 crediderim.

238 1999 355 2059 Deinde
375 2011 505 2077 urgetur
525 2017 543 2054 a
564 1996 688 2056 laudato
709 1996 829 2070 Vossio,
851 2019 864 2050 u
875 1997 900 2055 si
919 1997 1075 2078 Hispanus
1093 1998 1197 2058 fuisset
1212 2000 1253 2058 Si-

197 2089 271 2165 lius,
284 2107 347 2148 non
360 2085 418 2147 hoc
432 2103 487 2146 nos
501 2087 644 2166 ignorare
658 2087 769 2144 sivisset
784 2085 939 2166 Hispanus
953 2087 1117 2163 Martialis,
1132 2090 1186 2169 qui
1202 2109 1254 2148 sae-

197 2180 265 2260 pius
279 2179 316 2237 ad
332 2199 403 2239 eum
418 2177 534 2251 scribit,
554 2189 588 2236 ut
602 2177 803 2258 peramicum.
819 2177 886 2235 Non
902 2173 960 2236 hoc
975 2179 1153 2252 reticuisset,
1169 2180 1250 2259 quod

195 2269 233 2328 ad
254 2269 409 2350 Hispaniae
428 2287 489 2327 suae
509 2265 599 2326 decus
619 2287 805 2347 magnopere
824 2267 998 2346 pertineret.
1010 2291 1024 2322 o
1046 2267 1159 2348 Utique
1178 2266 1253 2328 fate-

195 2377 281 2429 mur,
304 2375 367 2415 non
387 2353 493 2414 leviter
513 2352 571 2414 hoc
593 2366 777 2434 argumento
799 2354 941 2434 probari,
962 2355 995 2414 in
1018 2357 1166 2436 Hispania
1187 2375 1251 2414 non

196 2457 306 2503 natum
326 2441 432 2502 Silium
454 2457 596 2501 nostrum
618 2439 725 2500 fuisse:
748 2454 778 2500 et
800 2441 951 2500 credimus
969 2443 1041 2522 ipsi,
1061 2441 1250 2518 Martialem,

195 2544 241 2591 tot
255 2531 358 2590 italico
372 2533 596 2610 epigrammata
612 2529 840 2602 inscribentem,
856 2549 920 2588 non
935 2530 1165 2609 praeteriturum
1179 2529 1252 2588 fuis-

196 2637 240 2692 se,
256 2617 337 2697 quod
352 2617 452 2677 sibiet
467 2635 528 2676 suus
545 2617 653 2697 patriae
669 2634 731 2674 non
747 2615 905 2694 vulgarem
923 2615 1046 2674 laudern
1063 2614 1183 2674 adferre
1198 2636 1252 2696 po-

196 2707 309 2766 tuisset.
324 2707 392 2764 Non
408 2717 515 2766 autent
527 2704 634 2765 exinde
646 2704 677 2764 id
693 2705 778 2784 sequi
792 2716 952 2784 putamus,
973 2703 1054 2784 quod
1071 2704 1252 2764 existimavit

197 2796 332 2868 Vossius,
353 2795 515 2876 Pelignum
529 2794 620 2854 fuisse
634 2793 790 2866 italicum,
811 2795 883 2872 quia
899 2813 963 2851 non
978 2791 1071 2851 fuerit
1085 2791 1249 2871 Hispanus.

198 2881 302 2942 Potuit
318 2881 402 2941 enirn
418 2901 454 2941 er
470 2880 639 2962 majoribus
655 2901 730 2955 esse,
747 2881 800 2962 qni
815 2881 847 2939 in
863 2880 1029 2962 Hispanica
1043 2879 1096 2938 illa
1111 2879 1186 2938 urbe
1200 2877 1253 2938 ha-

197 2970 374 3043 bitaverint,
394 2971 458 3051 ipse
475 2969 554 3029 forte
573 2971 604 3030 in
624 2969 731 3050 quovis
748 2968 843 3027 ltaliae
858 2967 938 3042 loco,
953 2980 1036 3027 extra
1051 2965 1250 3046 Pelignorum

197 3079 322 3141 agrum,
342 3061 374 3118 in
394 3059 494 3119 lucem
513 3060 627 3120 editus:
648 3059 751 3141 potuit
769 3059 861 3117 etiarn
881 3057 977 3118 Italici
993 3077 1106 3116 nomen
1125 3077 1160 3116 ex
1178 3077 1249 3116 casu

196 3149 331 3233 quodam
352 3149 399 3208 vel
420 3150 542 3209 suavel
564 3148 717 3229 majorum
739 3146 896 3222 habuisse,
922 3160 955 3207 ut
981 3147 1104 3206 solenne
1127 3146 1158 3204 in
1184 3147 1249 3206 aliis

197 3259 292 3320 quarn
306 3233 449 3320 plurimis
463 3237 674 3318 cognomentis
688 3247 739 3294 est.

234 3327 396 3386 Sententiae
423 3347 547 3406 quoque
569 3324 806 3385 clarissimorum
825 3325 962 3382 virorum
985 3334 1154 3402 repugnat,
1175 3341 1247 3384 curn

195 3414 327 3473 brevitas
346 3413 428 3472 illius
448 3412 569 3472 Socialis
589 3412 677 3486 belli,
699 3424 766 3469 turn
786 3408 997 3492 adpellationis
1016 3427 1103 3466 novae
1123 3409 1255 3482 raritas,

197 3519 265 3581 quus
276 3513 394 3560 tentata
407 3502 522 3582 potius,
535 3521 629 3582 quam
641 3511 818 3559 conservata
831 3499 864 3558 in
877 3497 955 3557 urbe
967 3497 1164 3577 Pelignorum
1179 3493 1247 3572 fuit,

197 3591 303 3649 Strabo
323 3591 445 3672 quidem
463 3595 694 3672 μετονομασθεῖσαν
714 3593 755 3650 ita
771 3609 834 3648 uere
851 3585 1029 3670 adpellatam
1046 3585 1140 3645 dixit:
1161 3585 1249 3644 aliter

198 3679 328 3738 Velleius
348 3683 537 3757 Paterculus,
558 3681 611 3763 qui
630 3681 757 3762 propius
776 3699 821 3740 res
841 3677 960 3737 ltalicas
976 3677 1134 3758 cognovit,
1154 3697 1248 3756 quam

199 3769 379 3829 Amasicnsis
390 3773 511 3848 Strabo,
524 3771 617 3831 homo
632 3771 792 3844 Asiaticus,
806 3769 946 3850 quamvis
956 3766 1201 3846 diligentissimus
1216 3767 1248 3824 in

200 3855 303 3916 ceteris
323 3857 418 3920 rebus.
438 3863 466 3920 ls
485 3875 586 3920 autern
606 3859 659 3919 lib.
680 3859 723 3933 ll,
739 3878 764 3916 c.
784 3857 833 3931 16,
849 3857 908 3915 ait:
930 3857 1054 3934 scapus
1069 3853 1188 3934 imperii
1203 3853 1249 3912 sui

201 3941 373 4006 Corfinium
397 3947 549 4028 legerant,
572 3948 654 4030 quod
679 3946 869 4030 adpellerent
892 3943 1118 4021 Italicum(1).o
1143 3945 1250 4017 Quum
1313 3971 1315 3978 1

236 4053 275 4123 (ι)
287 4057 417 4125 Fuerunt,
433 4061 478 4129 qui
493 4059 612 4112 Italicam
625 4057 807 4112 emendarent.
821 4057 870 4110 Sed
882 4055 990 4124 vulgata
1000 4053 1079 4105 lectio
1091 4069 1144 4101 non
1156 4049 1240 4100 sollici

199 4135 284 4189 tanda
295 4136 407 4188 videtur.

1030 4219 1070 4268 «ιθ.
