2930 4644
396 337 458 404 DE
482 339 600 406 SlLll
623 338 737 402 VITA
761 337 823 400 ET
845 336 1078 404 CARMINE.
1196 341 1259 420 423

215 475 332 538 bellum
344 479 496 540 Punicum
511 478 678 541 secundum
691 491 879 561 exponerent
890 499 1039 556 seorsum,
1051 477 1098 539 vel
1111 480 1261 554 versibus,

216 577 251 622 ut
262 565 384 646 ignotus
396 581 500 650 poeta,
513 568 566 648 qui
579 566 679 626 Ovidii
692 587 755 626 aevo
767 565 896 644 vixit(r),
908 566 954 624 vel
968 565 1096 648 pedestri
1109 569 1263 642 oratioue,

216 665 278 712 tarn
293 675 406 736 groeca,
421 679 449 718 v.
465 678 489 718 c.
505 658 653 716 Memnon
666 657 721 736 (a),
737 653 852 714 Cherea
862 655 917 734 (3),
936 655 1053 716 Silenus
1071 655 1262 732 Calatianus,

216 743 328 804 Sosilus
349 747 609 822 Lacedaemonius,
631 759 659 806 et
673 747 706 806 L.
726 745 849 805 Cincius
864 743 1033 805 Alimentus
1056 766 1107 805 seu
1127 745 1261 806 Alimen-

215 831 289 906 tius,
302 855 396 914 quam
410 836 521 912 latina,
533 849 568 896 ut
579 836 621 896 M.
633 835 793 894 Terentius
805 836 917 908 Varro,
930 835 963 894 L.
977 827 1089 894 Coelius
1103 837 1263 917 Antipater

214 931 245 978 et
262 923 433 985 Arruntius.
452 924 584 999 Silenus,
598 945 692 1004 quern
705 922 820 983 Coelius
836 925 1032 1005 potissimum
1051 935 1168 982 secums
1187 922 1262 982 dici-

214 1019 279 1084 tur,
291 1010 519 1094 diligentissime
531 1033 577 1072 res
591 1012 774 1072 Hannibalis
789 1025 964 1093 persecutus
979 1025 1037 1086 est,
1055 1023 1129 1071 teste
1144 1010 1263 1072 Cicero-

215 1115 254 1155 ne
262 1094 316 1176 (4),
329 1111 359 1157 et
371 1112 444 1161 nota
457 1113 529 1160 sunt
540 1101 634 1160 verba
646 1101 740 1159 Corn.
754 1100 876 1182 Nepotis
886 1099 944 1178 (5):
964 1125 978 1154 α
988 1098 1171 1158 Hannibalis
1183 1097 1263 1158 bella
1328 1121 1330 1132 ⁴

212 1197 294 1262 gesta
307 1187 396 1246 multi
409 1189 564 1248 memoriae
577 1188 797 1270 prodideruutz
814 1187 864 1247 scd
879 1209 914 1246 ex
927 1186 973 1246 bis
985 1185 1062 1262 duo,
1077 1186 1213 1266 quicum
1228 1207 1263 1246 eo

214 1271 245 1330 in
258 1275 361 1336 castris
376 1277 504 1338 fuerunt
522 1277 675 1357 simulque
688 1279 844 1352 vixerunt,
863 1275 1011 1359 quamdiu
1032 1275 1157 1336 fortuna
1177 1295 1264 1357 passa

213 1374 270 1436 est,
283 1363 401 1424 Silenus
413 1379 443 1425 et
455 1365 566 1427 Sosilus
580 1365 844 1426 Lacedaemonius:
861 1378 953 1446 atque
964 1363 1022 1424 hoc
1035 1363 1128 1424 Sosila
1143 1364 1261 1422 Hanni-

213 1446 264 1506 bal
284 1450 443 1514 literarum
461 1455 638 1514 Graecarum
658 1475 730 1515 usus
749 1468 793 1515 est
811 1455 968 1516 doctore.»
984 1455 1107 1514 Cincius
1126 1451 1191 1527 ille,
1208 1453 1262 1531 qui

156 1605 158 1612 Α
213 1536 335 1620 diligens
347 1556 520 1604 vetustorum
532 1547 777 1605 monimentorum
793 1557 823 1604 et
841 1548 985 1605 nmximus
1002 1557 1105 1605 auctor
1119 1544 1205 1602 Livio
1217 1541 1262 1602 di-

214 1624 293 1684 citur
301 1628 356 1705 (6),
374 1643 403 1689 et
422 1619 551 1712 ἑλληνικῇ
570 1634 691 1710 διαλέκτῳ
709 1630 867 1692 historiam
881 1631 1063 1712 Hannibalis
1082 1627 1262 1711 rerumque,

212 1713 324 1793 quibus
339 1717 401 1798 ipse
417 1739 488 1778 cum
501 1721 594 1781 Fabio
608 1722 725 1781 Pictore
738 1720 932 1796 interfuerat,
945 1719 1063 1802 scripsit
1071 1719 1127 1801 (7),
1149 1731 1262 1800 praetor

214 1817 281 1884 post
298 1801 492 1869 Cannensem
511 1810 628 1870 cladem
643 1811 777 1870 Siciliam
791 1811 941 1884 obtinuit,
959 1823 988 1870 et
1003 1823 1105 1891 postea
1122 1809 1162 1867 ab
1175 1810 1261 1867 Han-

212 1892 327 1970 nibale,
342 1918 376 1958 ex
390 1919 453 1981 quo
467 1899 563 1959 multa
579 1921 611 1960 se
626 1899 745 1960 audisse
759 1902 822 1983 ipse
835 1899 960 1960 tradidit
968 1900 1023 1978 (8),
1037 1913 1142 1980 ceptus
1154 1909 1215 1956 cst:
1236 1899 1261 1957 si

212 1999 322 2064 proetor
333 1987 397 2062 ille,
408 2009 477 2070 quae
489 1989 585 2050 Vossii
597 1993 747 2050 sententia
758 2005 817 2064 cst,
830 1991 893 2072 ipse
904 1988 1079 2062 historicus,
1093 2008 1155 2046 non
1169 1984 1261 2067 hujus

210 2071 291 2136 filius
305 2075 379 2154 luit,
392 2079 475 2159 quod
488 2078 613 2159 Pighius
625 2081 838 2163 suspicabatur
847 2081 896 2160 (9).
915 2079 1061 2138 Varronis
1076 2077 1172 2136 libros
1188 2076 1260 2136 bclli

210 2165 318 2227 Punici
332 2170 457 2229 secundi
471 2169 644 2230 Priscianus
656 2171 780 2230 laudat:
796 2170 883 2230 Coelii
897 2181 999 2229 autern
1013 2167 1170 2228 historiam
1185 2166 1261 2249 ejus-

207 2255 278 2315 dem
300 2256 386 2332 belli,
407 2279 502 2338 quam
527 2258 579 2318 alii
600 2257 734 2320 Annales
755 2273 784 2319 et
808 2257 939 2319 historias
960 2271 1084 2332 vocant,
1103 2277 1260 2339 quamque

209 2345 251 2404 M.
272 2345 383 2406 Brutus
402 2348 435 2406 in
456 2347 676 2428 compendium
697 2345 829 2428 redegit,
851 2347 963 2430 passim
986 2346 1105 2420 Livius,
1123 2345 1258 2419 Gellius,

208 2433 327 2508 Festus,
339 2431 507 2510 Charisius,
520 2436 654 2509 Servius,
671 2435 803 2509 Nonius,
820 2435 912 2494 Prisc.
930 2447 959 2495 et
976 2434 1119 2515 inprimis
1138 2433 1256 2508 Cicero,

208 2537 270 2597 quo
286 2517 388 2599 judice
403 2539 502 2602 neque
512 2519 650 2581 distinxit
663 2519 821 2581 historiam
835 2522 979 2580 varietate
992 2519 1145 2594 locorum,
1157 2540 1259 2599 neque

208 2603 372 2665 verborum
383 2605 595 2681 collocatione,
608 2621 638 2666 et
648 2618 748 2666 tractu
760 2608 905 2668 orationis
916 2606 978 2666 leni
991 2619 1020 2665 et
1033 2603 1176 2686 aequabili
1191 2627 1257 2689 per·

209 2690 315 2772 polivit
326 2692 401 2753 illud
414 2714 506 2775 opus,
519 2694 585 2768 sed,
598 2707 634 2754 ut
647 2693 754 2770 homo,
766 2715 867 2776 neque
878 2693 1000 2764 doctus,
1012 2713 1112 2772 neque
1126 2695 1257 2755 maxime

207 2795 297 2863 aptus
318 2783 356 2842 ad
376 2782 555 2859 dicendum,
574 2784 651 2843 sicut
669 2785 782 2866 potuit,
800 2783 928 2857 dolavit,
951 2782 1129 2864 primusque
1149 2783 1259 2864 coepit,

208 2871 337 2954 paulum
356 2893 386 2934 se
402 2875 514 2954 erigere
531 2885 561 2933 et
576 2871 708 2934 historia
726 2873 871 2955 majorem
885 2871 997 2932 addere
1012 2893 1137 2947 sonum,
1156 2893 1256 2954 quum

206 2965 306 3022 caneri
329 2983 391 3024 non
415 2975 606 3024 exornatores
624 2984 745 3038 rerum,
765 2963 816 3024 sed
839 2961 1056 3023 tantummodo
1081 2979 1254 3022 narratores

204 3049 332 3112 fuissent
340 3053 364 3130 (r
372 3051 410 3128 ο).
428 3051 546 3111 Floruit
562 3065 666 3111 autem
678 3049 891 3112 Gracchorum
910 3071 993 3126 tevo,
1011 3062 1041 3110 et
1052 3048 1144 3109 Sileni
1157 3047 1253 3109 histo-

204 3141 281 3202 riam
291 3141 430 3202 Graecam
442 3153 561 3202 secutus
572 3143 646 3221 est(r
657 3143 689 3222 r).
702 3141 866 3202 Arruntius
874 3139 1019 3222 denique,
1026 3157 1118 3220 quem
1126 3139 1253 3198 Vossius

238 3312 278 3384 (ι)
292 3311 353 3363 Vitl.
370 3313 462 3363 Nostr.
478 3311 557 3364 ovid.
573 3331 605 3364 ex
618 3313 703 3364 Ponto
783 3311 823 3382 (6)
835 3313 890 3363 Lir.
904 3312 964 3378 Vll,
976 3311 1006 3372 33
1019 3309 1093 3376 XXI,
1106 3309 1147 3361 38.

204 3393 248 3458 w,
258 3409 317 3458 xvr,
328 3391 372 3457 23,
381 3392 435 3442 vol.
446 3392 506 3456 Vll,
516 3410 577 3464 pag.
587 3391 701 3462 (79.1·3υ.
784 3390 825 3463 (7)
835 3390 896 3444 vid.
907 3391 1017 3463 Dionys.
1027 3387 1085 3440 Hal.
1098 3387 1172 3453 loca,
1185 3407 1245 3461 pag.

238 3472 277 3542 (a)
290 3475 339 3542 Ap.
353 3471 429 3523 Phot.
444 3470 569 3522 biblioth.
582 3491 606 3522 c.
619 3473 677 3537 aad.
748 3471 815 3538 dar,
825 3483 880 3523 not.
894 3471 905 3521 1
920 3470 1009 3522 citata.

239 3552 277 3622 (3)
288 3553 330 3603 Cf.
344 3550 433 3624 Polyb.
447 3553 497 3618 lll,
510 3565 536 3603 et
548 3551 582 3602 al.
592 3555 700 3623 passim.
782 3549 822 3620 (8)
833 3549 893 3601 vid.
911 3549 967 3600 Liv.
987 3547 1060 3612 xxi,
1079 3547 1129 3609 383
1147 3547 1233 3600 XXVI

239 3633 278 3702 (4)
291 3635 331 3686 De
343 3632 452 3685 divinet.
468 3633 549 3700 1μᾷ.
750 3629 796 3694 ²3,
810 3630 857 3690 28;
870 3627 982 3694 xxvll,
996 3644 1022 3696 7,
1036 3643 1078 3695 ²9.

239 3711 279 3784 (5)
290 3714 341 3764 Vit.
356 3713 471 3765 Hannib.
484 3731 544 3785 cap.
562 3715 608 3773 13;
624 3713 704 3768 Sotili
782 3709 821 3781 (9)
835 3710 896 3761 Vid.
906 3711 983 3762 Voss.
999 3707 1033 3760 de
1046 3707 1141 3761 histor.
1158 3705 1203 3759 lat.
1222 3711 1249 3776 l,

205 3794 365 3844 mentionem
385 3795 472 3845 iecere
491 3795 569 3845 etiarn
589 3793 701 3846 Diodor.
748 3793 778 3860 A,
788 3804 815 3843 et
825 3788 1005 3862 PighAnual.
1017 3787 1085 3841 ada.
1096 3803 1246 3841 ccccxxxiv.

205 3872 302 3934 XXVI,
321 3883 347 3922 et
369 3871 459 3944 Polyb.
477 3873 520 3924 111.
537 3871 619 3926 Sileni
640 3891 702 3926 vero
782 3871 840 3945 (ιο)
850 3871 910 3922 Vid.
920 3873 1003 3925 Cicer.
1015 3871 1062 3923 Or.
1072 3871 1105 3936 ll,
1119 3888 1160 3938 ra,
1174 3869 1246 3924 etde

205 3953 260 4004 Liv.
279 3951 379 4015 xxvi,
396 3953 431 4020 49
449 3951 546 4017 etalii,
563 3971 630 4022 quos
644 3953 704 4004 lau·
748 3949 827 4024 legg.
842 3954 867 4017 l,
881 3969 905 4002 2.

206 4030 252 4084 dat
265 4034 341 4083 Voss.
359 4028 394 4082 de
409 4028 471 4082 hist.
488 4029 573 4082 Grec.
590 4030 636 4084 lib.
654 4033 703 4100 111,
784 4029 841 4101 (rr)
855 4029 915 4082 Vid.
925 4029 983 4082 Val.
996 4031 1101 4093 Maxi,
1115 4027 1207 4094 vu,6,
1220 4037 1248 4076 st

202 4131 231 4186 p.
250 4114 307 4183 ¹⁸9·
749 4113 803 4166 Cic.
817 4111 849 4166 de
862 4109 972 4164 divinat.
985 4113 1011 4180 1,
1026 4109 1068 4174 24,
