2930 4644
381 295 445 360 na
468 293 586 360 sinn
610 291 725 358 vrri
748 271 811 356 ar
834 291 1068 366 erumna.
1181 298 1246 386 tu

202 437 325 520 proprie
337 437 378 498 ita
389 437 556 512 dictorum,
566 434 705 496 desumta
716 434 763 494 sit.
775 433 832 494 Sed
845 433 979 517 primum
991 456 1111 498 summa
1123 457 1171 498 rea
1182 459 1249 504 non

204 541 269 588 tarn
286 529 402 611 priscae,
417 549 512 609 quam
528 547 649 608 magnae
663 537 693 586 et
706 524 810 584 arduae
827 526 870 584 rei
886 537 975 604 gestae
991 528 1169 590 narratione
1183 552 1250 612 per-

204 614 298 690 fecta,
320 615 404 676 etad
420 616 540 678 animos
554 614 759 676 admiratione
777 611 962 674 imbuendos
977 613 1099 690 idonea,
1113 621 1251 682 contine·

205 715 266 764 tur.
282 704 400 766 Deinde
414 704 615 766 ad.Siliauum
629 723 755 764 carmen
771 700 931 762 transferri
948 716 1089 783 possunt,
1106 725 1174 784 qum
1192 709 1252 768 Lu·

206 794 276 852 cani
286 792 470 854 defendendi
481 813 571 852 causa
580 790 747 873 disputavit
756 788 803 848 lll.
814 789 946 850 Meiners
954 789 1002 866 (ι).
1014 790 1155 870 Denique
1164 793 1252 858 Silius

208 901 274 941 non
288 880 348 942 boc
362 882 437 962 egit,
448 894 483 941 ut
498 879 656 940 heroicum
673 897 797 938 carmen
810 876 966 950 scriberet,
979 875 1031 938 sed
1048 877 1148 959 potins
1161 877 1253 943 bisto-

207 970 322 1044 ricum,
339 970 392 1030 etsi
409 969 448 1028 ad
464 969 583 1051 epicam
598 967 735 1030 formam
750 965 968 1048 compositum.
987 966 1058 1024 lam
1078 967 1102 1026 si
1122 987 1255 1048 quaeras,

208 1059 366 1141 quomodo
389 1057 533 1133 historia,
554 1058 594 1118 ab
616 1055 681 1118 aliis
699 1055 764 1138 jam
786 1055 957 1136 eleganter,
983 1056 1141 1138 perspicue
1165 1070 1257 1141 atque

208 1162 350 1210 accurate
368 1148 493 1223 tradita,
512 1167 698 1228 magnopere
715 1167 773 1207 noa
788 1144 937 1205 delectare
951 1157 1057 1224 queat,
1073 1145 1257 1228 respondeo,

207 1240 289 1300 inter
300 1238 478 1300 historicam
488 1251 519 1298 et
530 1239 681 1320 poeticam
695 1237 906 1298 narrationem
919 1233 1090 1315 plurimum
1102 1237 1258 1313 interesse,

209 1343 240 1389 et
252 1328 372 1388 easdem
391 1347 516 1408 quoquc
534 1347 579 1386 res
597 1324 637 1384 ab
657 1323 723 1384 aliis
737 1322 798 1384 alio
816 1323 927 1398 modo,
942 1323 1063 1403 aliaque
1078 1325 1261 1390 varietateet

206 1415 415 1498 jucunditate,
428 1414 551 1488 ornari,
564 1413 703 1494 disponi,
716 1413 835 1472 narrari
849 1413 973 1492 (inquo
987 1412 1179 1494 potissimum
1193 1435 1260 1496 poe·

212 1519 251 1566 tar
270 1526 319 1564 ars
335 1505 557 1585 ingeniumque
572 1505 737 1581 earnium),
756 1503 896 1584 adeoque
913 1505 947 1562 in
968 1503 1123 1585 pluribus,
1142 1505 1195 1585 qui
1213 1525 1263 1566 aas

213 1606 360 1669 tractant,
377 1594 577 1675 scriptoribus
594 1613 658 1654 nou
677 1593 742 1652 sine
759 1590 918 1675 voluptate
933 1592 993 1674 legi
1010 1614 1106 1674 posse.
1121 1593 1215 1671 Quod
1230 1595 1264 1654 ni

214 1683 257 1742 ita
272 1679 452 1757 rehaberet,
471 1682 659 1764 optimorum
673 1680 769 1740 totius
785 1680 976 1759 antiquitatis
988 1680 1144 1760 nostrique
1156 1683 1212 1741 tavi
1227 1681 1262 1742 li-

215 1771 343 1832 brorum
360 1771 449 1834 lectio
468 1793 578 1855 parurn
590 1770 729 1852 jucunda
740 1784 770 1830 et
783 1769 901 1830 inutilis
916 1770 1067 1831 censenda
1078 1785 1162 1831 esset.
1179 1771 1265 1847 Quid

215 1860 320 1921 enim?
336 1881 456 1936 nonne,
471 1875 507 1922 ut
520 1859 578 1920 boc
592 1859 729 1942 exemplo
746 1872 829 1934 utar,
849 1860 919 1918 satis
932 1871 1065 1934 constat,
1085 1879 1210 1920 omnem
1227 1859 1265 1920 de

214 1949 346 2031 Trojano
356 1949 490 2026 excidio,
510 1950 548 2010 de
558 1951 659 2010 AEnete
672 1948 830 2010 erroribus
850 1946 1040 2029 deductaque
1057 1947 1265 2030 Trojanorum

215 2037 249 2096 in
263 2039 387 2098 Latium
401 2037 538 2112 colonia,
555 2037 778 2109 narrationem,
793 2056 864 2118 quae
878 2056 936 2096 noa
951 2035 985 2094 in
1002 2033 1126 2095 AEneide
1142 2034 1266 2116 Virgilii

215 2137 374 2209 tantopere
385 2124 527 2201 delectat,
543 2126 575 2186 in
588 2123 737 2200 historiis,
750 2146 845 2206 quam
859 2125 991 2184 maxime
1005 2125 1084 2184 inter
1094 2135 1206 2186 veteres
1220 2145 1267 2188 cc-

216 2215 352 2291 lebratis,
371 2229 400 2274 et
414 2237 433 2276 a
449 2235 563 2296 magno
579 2227 643 2274 tam
656 2216 837 2278 Grneoorum
853 2233 947 2296 quam
965 2217 1177 2274 Romanorum
1195 2214 1267 2274 sori·
1321 2291 1322 2294 Ἴ

253 2411 293 2484 (ι)
309 2415 341 2464 lu
354 2412 381 2462 d.
402 2413 541 2464 Gmadn'rr
553 2413 721 2465 derTlreorie
767 2413 895 2466 :Etenim
911 2429 1000 2483 noque
1015 2412 1107 2463 dotum
1127 2428 1214 2482 neque
1235 2431 1268 2465 ex

219 2492 274 2544 und
287 2490 377 2544 Gerelr,
390 2489 436 2542 der
445 2491 557 2542 etam
569 2490 720 2544 Wirsenrelt.
767 2501 869 2544 remota
889 2507 999 2563 prorsus
1022 2493 1181 2560 antiquitate
1198 2493 1269 2562 peti·

220 2569 730 2642 p-6521Lucannalrmfreylichweder‘
768 2587 825 2626 tum
840 2584 1025 2644 argumentum
1041 2571 1092 2624 ribi
1109 2574 1202 2626 sumsit
1218 2573 1269 2626 Lu·

210 2651 265 2706 ,ein
286 2647 447 2702 ordichtetes
467 2649 554 2720 Siijet,
575 2648 646 2700 noch
663 2661 723 2702 ant·
768 2669 866 2717 canus,
882 2649 927 2704 sed
940 2665 1030 2704 tamen
1042 2651 1095 2722 egit
1105 2651 1200 2704 eadem
1213 2653 1269 2706 fere

222 2729 313 2782 lebnta
323 2748 352 2781 er
362 2747 389 2780 es
400 2747 447 2782 aua
459 2728 520 2782 dem
531 2731 722 2782 emfermeatan
768 2732 871 2786 ratione
899 2749 954 2801 qua
978 2730 1109 2782 Homerus
1133 2742 1160 2784 et
1185 2733 1269 2805 magia

223 2809 388 2870 Alterthum3
401 2827 430 2860 er
442 2806 551 2860 rerlubr
561 2807 626 2862 aber
635 2807 723 2860 niehts
768 2813 848 2866 etiarn
855 2811 984 2864 Ossianns
993 2823 1112 2882 egerunt.
1121 2811 1270 2884 Elegitrna·

223 2889 301 2943 desto
323 2890 455 2960 weniger,
475 2889 523 2939 wie
546 2889 645 2939 Homer
668 2885 724 2940 und
768 2892 862 2944 teriam
881 2908 961 2961 quam
978 2901 1105 2942 tractaret
1119 2903 1145 2941 et
1164 2883 1270 2944 uberri-

224 2966 725 3040 nocbmebrOssiangetbanhaben.Er
769 2989 853 3034 mam,
869 2982 895 3020 et
910 2969 1006 3020 civium
1021 2985 1130 3018 suorum
1150 2971 1270 3022 omnium

223 3049 319 3106 nihlte
329 3047 445 3102 nemlich
457 3045 723 3118 einenGegenstand‚
768 3067 890 3105 sermone
903 3047 1079 3114 celebratam,
1092 3061 1117 3100 et
1131 3067 1188 3124 quat
1202 3069 1269 3103 sern-

224 3129 272 3183 der
283 3129 384 3182 teinem
393 3145 494 3198 genten
503 3126 574 3178 Vollr
584 3127 722 3198 allgemein
768 3129 879 3201 piternis
887 3125 1044 3179 seculorum
1055 3127 1176 3178 atatibno
1187 3130 1270 3180 conti·

223 3210 358 3276 bekannt,
386 3206 443 3259 und
469 3205 538 3258 anob
566 3208 724 3258 intersecant
768 3205 1270 3277 naooelebrabitur.»Etp.59::Com-

223 3309 291 3358 ω,
312 3288 369 3342 ond
387 3287 436 3339 der
456 3285 527 3338 anob
545 3285 589 3340 die
608 3291 724 3357 apdteste
768 3290 893 3342 meatitie
912 3287 1032 3358 liotreqne
1048 3287 1146 3339 fabulae
1163 3301 1269 3345 tantum

224 3369 361 3430 Naobwelt
371 3369 421 3421 aul
428 3366 477 3420 daa
486 3365 647 3420 lebbaateste
660 3367 726 3420 inte·
743 3399 746 3408 ν
769 3370 845 3424 ebert
857 3381 886 3422 nt
899 3368 1056 3422 necessarie
1068 3369 1120 3420 rint
1137 3368 1173 3422 ad
1192 3364 1270 3443 argu·

225 3453 337 3506 reatinen
350 3447 424 3508 wird.
434 3471 447 3497 r
462 3447 494 3500 Et
509 3463 571 3518 pag.
585 3445 627 3517 59.
648 3445 726 3500 «Pic-
770 3462 887 3502 mentum
894 3448 1100 3518 poematitapici
1109 3451 1270 3505 constituen-

225 3531 283 3582 tion
295 3530 328 3580 ist
343 3545 372 3582 ao
389 3527 473 3598 wenig
489 3542 547 3576 zum
563 3523 637 3595 Siijet
653 3526 725 3578 eines
771 3528 849 3594 dum,
860 3539 889 3580 ut
901 3547 915 3579 e
927 3527 1061 3580 contrario
1071 3542 1269 3598 argumentum,

225 3607 353 3678 epiaoben
383 3603 509 3673 Gediebts
539 3603 724 3678 nothweudig‚
770 3627 825 3680 quo
835 3605 1286 3680 magisfictionibusegeat,eoml··

229 3685 292 3743 dass
307 3687 348 3738 ein
363 3687 433 3756 Siijet
445 3683 492 3738 der
503 3685 583 3760 Regel
597 3683 666 3737 nach
680 3702 725 3738 um
771 3705 821 3738 uus
835 3685 870 3738 ad
883 3687 1067 3738 tractationem
1082 3688 1212 3756 poeticam
1223 3708 1271 3763 op-

230 3763 307 3818 desto
319 3763 393 3836 mplrr
405 3781 438 3815 an
450 3765 552 3816 innerm
562 3764 657 3817 Wertb
668 3783 726 3816 ver·
754 3777 757 3784 ’
771 3779 826 3817 turn
839 3781 895 3817 esse
909 3763 1037 3816 videatur.
1054 3763 1135 3814 Mod'o
1151 3783 1270 3818 commo-

229 3845 341 3913 liert,je
351 3843 426 3894 mehr
434 3861 462 3894 ea
474 3843 638 3915 Erdichtnng
647 3841 727 3894 notb-
770 3855 864 3896 ventur
880 3844 982 3895 animus
998 3863 1004 3892 τ
1023 3842 1102 3894 modo
1120 3843 1153 3896 ad
1171 3842 1269 3900 exitum

231 3921 728 3994 wendigmaoht...l·3smussnordurch·
773 3925 848 3993 qnasi
867 3924 1010 3992 rapiatur:
1033 3924 1195 3974 satisfactum
1221 3925 1270 3974 erit

230 4001 350 4077 geheuds
363 4001 490 4052 luterease
502 4000 556 4052 und
572 4003 667 4052 Action
679 3999 728 4052 ha·
772 4002 895 4054 lectori.»
908 4002 958 4054 Cui
971 4003 1104 4054 tententiae
1114 4001 1231 4052 libenter
1242 4013 1268 4051 et

230 4085 314 4139 ben·
334 4081 415 4150 Cujus
432 4079 483 4132 loci
501 4081 544 4132 hio
560 4095 598 4134 en
617 4097 726 4136 mama:
773 4079 979 4153 agorrbsrriboa
991 4081 1046 4132 Fa..

993 4223 999 4244 .
1057 4181 1099 4234 ²⁷·
