2930 4644
242 374 305 454 tos
571 371 949 438 counaummo

237 514 424 586 ministrare,
446 512 530 593 quod
549 513 680 572 Romani
700 513 732 572 in
753 513 918 594 provincias
938 511 1087 588 formam,
1109 501 1297 575 testamento

237 599 333 676 nacti,
351 599 538 678 redegerant.
556 601 627 660 Fuit
640 601 797 683 provincia
812 613 934 660 senatus
950 615 1043 681 atque
1059 601 1165 682 populi
1178 622 1212 660 ex
1228 605 1294 659 An-

236 687 671 768 gustidistributione(1),et
694 687 836 768 praetoria
858 687 1011 768 primum,
1035 689 1092 748 nisi
1116 687 1186 748 belli
1209 689 1293 746 ratio

236 773 449 857 proconsulem
468 775 643 857 postularet
663 774 753 851 Quod
770 774 888 835 erudite
908 776 1002 835 Henr.
1019 777 1121 849 Notis,
1138 774 1290 835 ltalorum

235 861 324 923 facile
336 863 539 938 doctissimus,
555 865 587 922 in
602 860 770 945 Cenotaph.
785 857 885 923 Pisan.
899 863 1021 922 Dissert.
1037 864 1079 938 ll,
1095 883 1160 944 cap.
1176 883 1222 935 ιι,
1235 861 1292 920 de-

235 966 395 1013 monstrat.
410 955 496 1015 lntra
512 953 672 1014 Asiaticam
686 951 828 1014 dioecesin
842 965 931 1012 erant
946 953 1046 1026 Ionia,
1068 951 1164 1032 major
1181 973 1216 1011 ac
1229 951 1289 1010 mi·

236 1061 294 1100 nor
312 1038 460 1124 Phrygia,
480 1040 593 1124 Lydia,
612 1041 725 1122 Mysia,
745 1041 850 1115 Caria,
870 1060 905 1100 ac
920 1041 1103 1120 Pergamus3
1120 1039 1289 1119 dequibus

234 1127 372 1188 tenninis
394 1149 561 1210 eorumque
586 1128 808 1188 mutationibus
833 1129 896 1188 Jac.
923 1129 1073 1203 Usserius,
1097 1129 1127 1188 in
1149 1127 1225 1186 libro
1248 1126 1287 1184 cte

234 1219 306 1276 Asia
317 1217 515 1299 proconsulari
521 1263 531 1293 ,
550 1218 739 1300 planisssime
756 1218 903 1279 disseruit.
923 1218 1115 1300 Amplissima
1129 1237 1198 1298 ergo
1211 1237 1285 1297 pro-

234 1305 348 1380 vincia,
367 1303 490 1388 ejusque
510 1306 616 1389 populi
635 1307 741 1367 Graeca
760 1307 899 1368 libertate
918 1307 1086 1388 antiquitus
1105 1307 1229 1376 imbuti3
1248 1318 1284 1362 ut

232 1413 304 1452 sane
318 1393 499 1475 prudentem
513 1394 604 1456 fuisse
616 1407 770 1476 oporteat,
785 1395 853 1476 qui,
874 1406 908 1453 ut
923 1407 1024 1454 noster
1041 1393 1178 1454 Secundo
1194 1405 1283 1464 teste,

232 1503 267 1541 ex
281 1481 544 1545 administratione
558 1484 640 1544 illius
653 1482 776 1566 gloriam
791 1486 953 1564 reportavit.

272 1571 376 1632 lledux
391 1593 425 1632 ex
442 1574 509 1633 Asia
525 1573 645 1633 videtur
660 1573 757 1632 otium
773 1573 904 1654 petiisse,
921 1574 1009 1632 arinis
1024 1593 1160 1653 quoque,
1175 1583 1208 1630 ut
1222 1568 1283 1628 Pli-

232 1659 302 1717 nius
323 1658 379 1734 ait,
399 1658 601 1736 suadentibus,
623 1659 704 1742 quod
726 1661 759 1719 in
781 1681 866 1720 more
886 1659 1019 1741 positum
1040 1659 1183 1720 Romanis
1200 1670 1281 1731 erat,

230 1759 280 1820 ut,
296 1747 320 1806 si
337 1761 520 1809 senectutem
537 1749 726 1831 adtigissent,
740 1770 757 1808 e
771 1750 888 1830 republ.
904 1747 1112 1810 inhonestum
1128 1749 1225 1809 otium
1238 1767 1281 1806 se-

230 1833 384 1910 cederent,
397 1836 479 1916 quod
491 1858 526 1898 ex
537 1838 642 1898 multis
655 1837 789 1921 ejusdem
805 1838 896 1898 Plinii
909 1837 1041 1919 epistolis
1052 1837 1162 1919 liquet,
1173 1835 1225 1895 lib.
1238 1835 1281 1906 ll,

234 1921 285 1998 ¹43
298 1923 356 2000 lll,
376 1946 404 1998 ¹3
423 1927 474 2001 lV,
489 1928 536 1988 23.
551 1929 640 1988 Hanc
653 1929 787 2010 quietem
801 1929 907 1988 Noster
921 1929 953 1987 in
967 1927 1138 2010 Campania
1152 1925 1279 1997 invenit,

230 2013 284 2072 ubi
302 2014 405 2095 plures
423 2016 510 2076 villas
528 2017 712 2099 possidebat,
734 2019 812 2079 etin
831 2017 957 2098 singulis
976 2039 1099 2092 earum,
1120 2016 1202 2098 quod
1223 2014 1280 2074 Pli-

232 2102 301 2162 nius
315 2099 414 2178 addit,
432 2104 590 2164 amultum
605 2103 771 2182 libromm,
792 2104 926 2166 multum
945 2119 1131 2181 statuarum,
1147 2101 1279 2165 multum

230 2187 402 2267 imaginum
417 2187 563 2266 babebat,
576 2218 590 2248 a
611 2213 681 2274 quae
695 2194 833 2276 undique
846 2207 1029 2256 ornamenta
1043 2193 1168 2266 coe'mit,
1187 2209 1280 2270 usque

230 2277 323 2336 etiam
334 2277 375 2338 ad
385 2279 630 2361 reprehensionem
640 2286 810 2344 emacitatis.
822 2286 896 2345 Erat
910 2286 993 2344 enim
1005 2287 1148 2364 φιλόκαλος,
1160 2279 1215 2340 hoc
1226 2293 1279 2356 est,

230 2365 510 2432 honestissimarum
523 2395 627 2434 rerum
638 2376 699 2434 sive
709 2374 812 2454 dignae
825 2374 1018 2456 supellectilis
1029 2374 1187 2436 studiosus
1198 2369 1276 2447 Quid

230 2475 301 2514 vero
321 2453 490 2536 honestius,
511 2482 607 2542 quam
628 2462 777 2522 instruere
797 2460 1008 2536 bibliothecas,
1030 2475 1060 2522 et
1080 2481 1156 2554 quos
1176 2458 1225 2518 alii
1244 2457 1277 2515 in

229 2543 335 2605 inanes
354 2567 398 2608 res
417 2562 534 2610 sumtus
554 2551 687 2625 faciunt,
708 2552 831 2632 optimis
855 2551 1028 2632 quibusque
1050 2550 1136 2611 libris
1159 2565 1276 2626 compa·

230 2634 333 2694 randis
347 2636 510 2718 inrogare?
528 2639 601 2720 quid
620 2639 742 2719 dignius
758 2639 863 2715 laude,
885 2661 980 2722 quam
994 2639 1118 2698 illorum
1133 2635 1278 2715 imagines

228 2735 321 2803 atque
335 2725 421 2804 signa
436 2747 554 2802 amare,
572 2727 624 2808 qui
641 2729 674 2787 in
688 2725 781 2787 laude
793 2725 934 2788 vixerunt
949 2726 1102 2808 prtcclaris
1115 2721 1276 2784 rimutibus

228 2812 403 2893 conspicui?
416 2815 585 2876 Pulchrum
601 2817 684 2876 enim
698 2831 728 2876 et
741 2837 855 2897 magna
870 2816 961 2876 laude
974 2815 1105 2897 dignum
1120 2827 1178 2889 est,
1199 2813 1276 2872 viros

227 2901 367 2962 laudatos
380 2902 491 2980 colere,
506 2919 535 2964 et
548 2906 692 2968 virtutem
706 2905 845 2982 illorum,
861 2919 895 2965 ut
909 2921 1102 2980 meruerunt,
1117 2901 1274 2974 admirari,

227 2991 317 3066 adeo,
333 3005 366 3050 ut
380 3013 485 3054 rursus
498 2995 653 3058 Secundus
665 2997 750 3080 epist.
767 2998 795 3071 l,
814 3017 863 3078 17,
879 2999 971 3077 ipsum
982 2994 1115 3078 plurimis
1128 2989 1274 3053 virtutihus

226 3079 377 3141 abundare
383 3081 513 3163 judicet,
527 3087 578 3166 qui
590 3083 703 3146 alienas
714 3089 755 3147 sic
769 3087 801 3146 in
816 3086 922 3146 statuis
938 3097 967 3146 et
984 3083 1172 3166 imaginibus
1185 3089 1272 3139 amat.

209 3169 391 3247 ,Stimulant
412 3172 494 3232 enim
515 3175 662 3255 imagines
683 3188 713 3236 et
733 3173 950 3250 exhortantur,
970 3189 1004 3234 ut
1026 3195 1133 3235 eorum
1151 3171 1273 3231 virtut&

226 3255 420 3332 aemulemur,
440 3280 576 3341 quorum
595 3261 668 3341 ipsae
689 3265 868 3324 memoriam
882 3276 1006 3323 externa
1021 3261 1098 3321 facie
1111 3279 1176 3342 prae
1191 3279 1221 3318 se
1233 3255 1273 3315 fe·

226 3347 369 3426 runt(a):
389 3349 471 3429 quod
490 3350 583 3409 etiam
602 3349 693 3423 aedes,
714 3353 796 3412 villae
816 3353 944 3434 aliasque
962 3352 1114 3412 clarorum
1135 3349 1272 3408 virorum

225 3437 432 3522 possessiones,
447 3438 470 3498 si
484 3438 622 3497 subimus
636 3453 690 3498 aut
704 3439 927 3517 inhabitamus,
941 3442 973 3500 in
990 3441 1077 3500 nobis
1090 3436 1236 3499 efficiunt.

260 3595 353 3670 (1)De
374 3615 405 3650 ea
421 3594 474 3647 vid.
493 3595 617 3649 Strabon.
637 3599 723 3665 xvtt,
771 3603 957 3654 ostentationis
977 3615 1059 3652 causa
1078 3597 1227 3670 colligitur,
1246 3610 1271 3648 et

224 3678 351 3730 castallio
364 3675 530 3747 lib.lilll,p.
543 3677 724 3738 503;Ernesti
770 3699 802 3732 eo
826 3684 972 3750 respexisse
994 3694 1118 3750 putarem
1141 3677 1271 3742 Plinium,

224 3761 331 3810 Excurs.
342 3757 392 3821 Vl,
406 3755 440 3807 ad
455 3757 563 3808 Sueton.
579 3761 646 3830 hug.
662 3777 722 3831 cap.
770 3761 815 3829 quii
827 3759 918 3811 Silium
927 3756 1064 3826 ominans,
1074 3757 1271 3829 elegantissim-

169 3903 172 3911 .
223 3837 389 3908 47,etLips.
406 3839 513 3890 bouis.
530 3835 565 3890 ad
576 3837 722 3893 Tac.Aon.
769 3839 1178 3912 diosum,usqueademacitatis
1189 3855 1272 3909 repre·

223 3921 233 3968 l
241 3957 248 3979 s
262 3911 304 3984 75·
770 3921 932 3986 derisionem,
946 3921 1028 3972 fnisse
1041 3918 1136 3984 tradit,
1148 3919 1198 3969 nisi
1208 3935 1270 3968 mox

258 3993 297 4064 (a)
307 3992 358 4044 sed
368 4011 464 4064 magna
473 3994 618 4067 librorum,
627 4014 724 4052 statua·
769 3998 915 4050 addidissot
927 4022 933 4050 :
952 3999 1103 4070 «imagines
1115 4014 1169 4050 non
1185 3995 1270 4048 babe-

224 4091 281 4123 rum
298 4073 497 4143 imaginumque
510 4079 589 4147 copia
605 4097 620 4128 o
633 4077 723 4129 multis
767 4077 814 4128 bat
825 4076 919 4140 modo,
930 4077 1022 4128 verum
1033 4081 1112 4128 etiam
1121 4075 1268 4130 venerabe-

222 4151 302 4202 etiam
315 4167 370 4201 non
381 4151 431 4202 nist
443 4169 516 4205 rana
531 4155 683 4207 ambitionis
696 4169 723 4207 et
768 4166 842 4205 tur.»
859 4155 925 4209 Plio.
937 4157 987 4224 lll,
998 4157 1047 4227 Ep.
1061 4173 1091 4226 7,
1103 4155 1127 4210 8.
