2930 4644
239 391 302 470 406
566 389 947 457 counnnrnrro

276 534 413 596 Honores
432 547 461 593 et
480 533 592 596 multos
610 547 640 595 et
656 534 774 616 amplos
789 537 909 615 gessisse
925 535 1047 611 Silium,
1066 557 1129 596 non
1145 537 1291 617 estquod

236 624 424 698 dubitemus,
446 624 518 702 quia
536 622 643 682 consul
663 624 817 682 Romanus
837 622 910 696 fuit,
932 621 970 682 ad
990 644 1086 704 quam
1105 624 1290 704 dignitatem

146 741 148 747 ’
235 713 402 775 ordinatim
416 725 446 771 et
458 733 512 794 per
525 712 638 792 gradus
652 711 902 773 adscendebatur.
918 711 1048 788 Plinius,
1062 712 1114 771 lib.
1130 714 1187 786 lll,
1198 714 1287 794 epist.

237 823 271 882 7:
292 827 306 856 a
320 803 360 860 Ut
376 803 556 861 novissimus
573 823 590 860 a
606 803 726 862 Nerone
742 801 840 861 factus
856 815 900 862 est
916 801 1039 876 consul,
1056 804 1098 862 ita
1117 816 1289 884 postremus

236 913 271 950 ex
285 892 442 966 omnibus,
463 913 538 972 quos
552 892 687 952 consules
702 891 828 966 fecerat,
847 891 979 951 decessit.
996 891 1076 952 illud
1094 892 1186 952 etiam
1200 905 1289 950 nota-

235 981 313 1040 bile:
335 981 462 1042 ultimus
482 1003 516 1042 ex
537 982 717 1041 Neronianis
737 980 948 1042 consularibus
970 982 1061 1057 obiit,
1083 1002 1145 1062 quo
1164 980 1288 1040 consule

235 1072 315 1129 Nero
334 1071 460 1152 periit.»
481 1071 525 1130 Ex
544 1089 606 1151 quo
624 1085 654 1130 et
673 1090 793 1131 annum
812 1071 882 1130 satis
901 1082 1004 1152 aperte
1022 1069 1243 1150 intelligimus(
1264 1072 1286 1146 ).

234 1160 328 1220 Semel
347 1182 386 1220 an
403 1174 449 1220 ter
465 1159 579 1219 Consul
596 1159 703 1234 fuerit,
721 1181 784 1220 non
802 1160 930 1220 levicula
946 1159 1153 1241 disputatione
1166 1158 1289 1218 dubita-

235 1261 295 1306 tur.
316 1249 423 1307 Petrus
441 1248 576 1306 Crinitus
595 1247 633 1307 de
652 1248 741 1307 Silio:
763 1273 776 1304 u
788 1251 846 1308 Ter
860 1247 964 1308 consul
981 1247 1040 1308 fuit
1052 1249 1109 1326 (2):
1131 1258 1159 1304 et
1177 1245 1208 1304 in
1226 1243 1287 1324 pri-

235 1357 323 1394 murn
335 1335 398 1418 ejus
409 1335 600 1396 consulatum
617 1336 716 1417 (quod
732 1337 922 1396 laetissimum
934 1335 993 1396 fuit
1007 1335 1287 1414 faustissimumque

235 1425 268 1482 P.
284 1425 337 1502 tt.)
354 1425 506 1484 saevissimi
523 1426 731 1507 teterrimique
747 1425 873 1486 Neronis
890 1446 973 1485 mors
989 1424 1223 1506 auspicatissime
1236 1423 1285 1480 in·

234 1513 316 1572 cidit.
327 1537 340 1567 a
365 1513 521 1572 Adcinunt
541 1516 646 1574 Justus
666 1516 785 1596 Lipsius
802 1529 832 1574 et
851 1517 897 1574 Jo.
918 1514 1085 1586 Livineius,
1107 1525 1233 1592 uterque
1250 1511 1285 1568 in

234 1601 326 1661 Plinii
342 1603 490 1686 Panegyr.
506 1624 572 1685 cap.
587 1604 639 1679 58,
652 1605 738 1687 cujus
752 1605 859 1678 verba,
877 1629 891 1657 u
901 1605 975 1662 Erat
990 1605 1020 1663 in
1036 1615 1144 1663 senatu
1158 1615 1203 1660 ter
1215 1619 1288 1658 con·

234 1689 295 1762 sul,
317 1711 415 1771 quum
433 1705 467 1751 tu
483 1694 606 1753 tertium
624 1693 819 1754 consulatum
837 1692 1012 1766 recusabas,
1033 1691 1072 1750 de
1091 1689 1162 1748 Silio
1181 1687 1287 1747 italico

234 1781 485 1860 interpretantur.
503 1783 657 1843 Livineius
671 1781 753 1844 haud
768 1781 1020 1842 dubitabundus:
1039 1805 1054 1836 u
1065 1779 1168 1839 Potius
1184 1779 1234 1850 sit,
1249 1791 1287 1836 ut

234 1873 267 1930 C.
284 1868 391 1929 Silium
405 1872 546 1932 Italicum
560 1873 730 1954 capiamus,
747 1873 800 1954 qui
817 1871 942 1932 tertium
959 1869 1112 1930 consuler
1128 1868 1183 1929 cal.
1199 1865 1288 1926 tuliis

234 1955 387 2020 subfectus
406 1981 477 2020 cum
496 1962 613 2022 Statilio
629 1965 790 2022 Laterano.
808 1963 865 2024 Adi
881 1961 1008 2022 fastos„
1025 1958 1116 2036 Quod
1130 1957 1169 2018 ad
1183 1958 1287 2016 Fastos

236 2047 367 2122 adtinet,
389 2048 451 2129 ipse
469 2049 587 2129 Lipsius
606 2050 637 2108 in
653 2049 684 2108 h.
700 2051 719 2110 l.
735 2049 867 2110 fatetur:
892 2052 1031 2110 <citavere
1047 2067 1118 2128 pars
1136 2043 1202 2104 baec
1218 2046 1287 2104 Fas-

234 2151 338 2198 torum
364 2138 396 2196 in
422 2137 564 2198 subiectis
592 2141 768 2200 consulibus
796 2141 971 2215 tenebrosa,
999 2161 1055 2199 nec
1083 2138 1146 2198 acie
1173 2136 1287 2216 ingenii

233 2225 369 2304 (absque
390 2223 586 2290 monimentis
607 2227 644 2286 sit
653 2228 667 2307 ),
686 2227 775 2288 facile
796 2228 1014 2288 illustranda.»
1038 2227 1169 2286 Variant
1188 2225 1287 2298 enim,

234 2315 340 2388 laceri,
357 2315 562 2376 inconstantes
578 2331 663 2397 sunt,
679 2331 723 2394 et,
741 2340 816 2400 quos
830 2320 976 2394 vidimus,
992 2319 1159 2389 Laterano,
1179 2335 1213 2374 ex
1228 2311 1285 2372 cal.

235 2405 297 2466 tul.
321 2403 473 2480 subiecto,
497 2406 632 2490 Noniqm
660 2408 877 2489 Asprenatem,
903 2429 967 2468 nou
992 2405 1115 2479 Silium,
1140 2402 1288 2484 collegam

234 2497 320 2556 dant.
336 2493 425 2571 Quod
440 2495 463 2554 si
479 2508 525 2556 ter
538 2494 642 2561 fuisset
655 2498 778 2570 consul,
792 2497 822 2557 id
838 2497 970 2570 Plinius,
986 2495 1039 2578 qui
1053 2495 1150 2554 vitam
1166 2507 1195 2552 et
1209 2512 1287 2550 mor

234 2599 297 2646 tem
314 2581 377 2664 ejus
393 2584 549 2661 describit,
569 2607 625 2646 ncc
639 2587 810 2668 quidquam
824 2587 923 2648 laudis
939 2584 1159 2669 praetermittit,
1181 2581 1288 2661 utique

236 2696 298 2736 non
316 2676 464 2736 tacuisset.
483 2675 567 2752 Quin
585 2677 684 2756 potius
701 2677 852 2736 Martialis
868 2677 962 2760 epigr.
978 2675 1050 2752 Vll,
1065 2673 1120 2748 63,
1137 2683 1203 2754 post
1215 2691 1288 2730 eon-

235 2765 384 2841 sulatum,
404 2787 511 2846 quem,
526 2787 623 2846 quum
637 2766 717 2826 Nero
735 2765 862 2845 periret,
877 2777 1022 2848 gesserat,
1038 2785 1055 2822 a
1071 2759 1227 2844 republica
1243 2779 1287 2820 re·

237 2855 367 2929 cessisse,
381 2868 411 2915 et
424 2857 485 2916 ¹otio
500 2877 530 2915 se
544 2853 669 2916 honesto
684 2854 798 2916 dedisse
812 2855 976 2916 adseverat.
992 2853 1093 2916 Verba
1106 2866 1196 2914 sunt:

375 2981 520 3050 Postquam
530 2981 571 3032 bis
582 2984 652 3034 senis
663 2983 798 3054 ingentem
807 2982 926 3034 fascibus
937 2999 1037 3034 annum

412 3060 537 3122 flexerat,
549 3059 656 3112 adserto
667 3062 714 3132 qui
724 3080 800 3113 sacer
810 3062 876 3112 orbe
887 3063 954 3112 fuit:

377 3135 508 3186 Emeritos
518 3137 601 3188 Musis
612 3152 639 3190 et
648 3138 750 3192 Pboebo
761 3139 871 3193 tradidit
881 3159 980 3206 annos,

414 3217 517 3286 Proque
527 3233 577 3269 suo
587 3219 706 3272 celebrat
716 3240 789 3274 nune
799 3221 929 3274 Helicona
938 3221 1008 3272 foro.

274 3325 319 3382 Dc
337 3324 442 3404 quovis
459 3325 554 3406 igitur
573 3327 646 3404 alio,
666 3331 818 3411 quamde
838 3330 924 3407 Silio,
948 3330 1041 3389 Plinii
1063 3329 1286 3412 panegyricum

236 3411 502 3496 interpretandum
522 3415 673 3478 ducimus.
696 3422 795 3479 Causa
813 3440 900 3496 vero,
922 3439 991 3501 quae
1007 3418 1192 3478 doctissimos
1206 3417 1287 3477 viros

233 3504 265 3563 in
288 3503 373 3563 iilam
393 3505 570 3587 opinionem
591 3507 733 3582 adduxit,
756 3530 790 3568 ex
812 3509 872 3569 alio
893 3509 1042 3569 Martialis
1064 3508 1286 3590 epigrammate

233 3607 341 3655 natam
357 3615 417 3654 csse
434 3595 653 3667 existimamus,
676 3596 757 3675 quod
780 3617 852 3658 rxvr
874 3615 931 3676 est,
947 3601 980 3659 in
996 3597 1049 3658 lib.
1064 3597 1152 3675 VIII,
1171 3598 1204 3656 in
1223 3617 1285 3677 quo

225 3686 328 3768 ¹trium
345 3683 562 3743 consulatuum
577 3679 612 3740 fit
626 3684 757 3758 mentio,
777 3685 827 3746 scd
843 3688 886 3746 ita
903 3687 1153 3760 distributorum,
1174 3698 1209 3744 ut
1222 3685 1287 3766 pri-

222 3791 301 3852 mus
313 3771 408 3851 patris
422 3770 484 3830 Silii
499 3768 605 3844 fuerit,
619 3770 695 3830 alter
708 3770 764 3832 filii
779 3773 918 3856 majoris,
931 3799 1023 3858 quem
1035 3775 1153 3836 Plinius
1165 3794 1287 3856 quoque

267 3945 306 4015 (r)
326 3949 398 3998 Nero
419 3949 499 4016 periit
518 3967 541 4000 a.
560 3950 592 4002 U.
614 3951 681 4015 82¹3
700 3953 731 4005 A.
778 3953 916 4008 acurio.
928 3955 976 4020 85,
989 3954 1050 4006 loco
1062 3953 1211 4004 Domitiani
1223 3969 1282 4003 cum

225 4023 297 4078 ‚Cim
312 4024 355 4076 68.
777 4033 808 4082 Τ.
825 4033 934 4084 Aurelio
954 4034 1063 4097 Fuluio,
1085 4046 1112 4084 et
1133 4034 1164 4082 A.
1185 4031 1281 4084 Christ.

268 4103 306 4172 (a)
319 4104 353 4152 Ut
366 4101 474 4170 quidam
492 4119 604 4173 putant,
619 4108 650 4158 A.
668 4108 730 4161 Chr.
777 4111 826 4178 94,
847 4129 907 4162 cum
928 4111 1037 4164 Sextilio
1056 4111 1120 4181 (alii
1139 4124 1228 4164 autem
1246 4109 1283 4162 le-

232 4181 282 4242 68,
300 4197 360 4230 cum
380 4179 415 4230 Μ.
435 4179 541 4234 Galerio
555 4183 730 4255 Turpiliano,
776 4199 844 4257 gunt
854 4185 978 4258 Statilio)
991 4187 1131 4242 Laterano.
