2960 4644
469 353 785 420 PUNICORUM
809 355 901 418 Llll.
925 356 1001 421 XV.
1197 365 1260 438 2l9

213 493 382 562 Concedat
393 494 536 588 Libycus
549 512 677 561 rector:
691 494 829 585 votique
841 495 965 584 potitus

212 602 329 666 Evicto
341 601 460 668 Fabius
474 605 575 668 Poeno
587 601 790 668 circumdata
802 600 877 666 telis

212 708 415 776 lneustodita
428 711 615 800 penetravit
626 711 749 776 moenia
762 727 870 776 nocte.

256 815 322 882 Sed
334 818 486 906 quisnam
498 839 631 883 aversos
645 814 806 882 Phoebum
818 832 899 882 tunc
906 815 1048 906 jungere
1060 815 1101 882 ab
1114 816 1196 884 urbe

210 921 372 987 Romulea
384 920 551 988 dubitaret
563 921 756 1013 equos,qui
769 940 920 1010 tempore
934 921 1053 988 eodem
1121 931 1124 939 '
1215 937 1259 984 3³⁵

209 1027 404 1093 Marcellum
416 1027 587 1118 adciperet
597 1029 702 1093 letiam
715 1027 895 1116 obpetiisse
908 1028 970 1094 sub
981 1027 1100 1095 armis?

209 1136 316 1202 Moles
328 1136 383 1202 illa
395 1139 471 1218 viri,
485 1136 661 1226 calidoque
672 1135 818 1202 habitata
829 1136 976 1202 Gradivo
1037 1193 1040 1202 .

209 1247 361 1324 Pectora,
375 1262 409 1311 et
420 1244 509 1312 haud
523 1245 598 1312 ullis
610 1268 760 1335 unquam
771 1246 964 1312 tremefacta
976 1243 1124 1335 periclis,

209 1353 304 1434 (Heu
317 1368 480 1441 quantum
494 1350 713 1418 Hannibalem
726 1351 813 1418 clara
825 1351 968 1418 fractura
980 1352 1113 1435 ruinal)
1128 1431 1131 1436 ἱ

207 1458 535 1547 Procubuere3jacet
547 1460 671 1547 campis
684 1459 888 1547 Carthaginis
901 1457 1030 1525 horror.
1216 1466 1265 1526 sto·

207 1565 332 1629 Forsan
344 1562 506 1654 Scipiadae
520 1564 664 1630 confecti
677 1565 812 1630 nomina
824 1563 903 1630 belli

205 1671 390 1758 Rapturus,
403 1671 430 1735 si
442 1671 517 1760 quis
529 1670 679 1759 paullum
691 1673 782 1736 Deus
794 1669 933 1736 adderet
944 1693 1027 1736 aevo.

250 1775 352 1842 Collis
363 1779 575 1866 Agenoreum
588 1773 764 1842 dirimebat
774 1776 816 1842 ab
828 1799 947 1866 aggere
959 1775 1082 1842 vallum

205 1883 353 1949 Ausonio
364 1884 493 1968 (Dauni
506 1886 640 1948 Mavors
652 1882 848 1950 consederat
860 1882 945 1948 arvis
954 1883 982 1965 ):

203 1991 365 2056 Curarum
377 2013 489 2057 comes
501 2005 536 2056 et
547 1992 668 2058 ‘strmmi
681 1991 851 2079 Crispinus
864 1987 1001 2056 honoris
1211 1999 1256 2058 ³t⁵

236 2139 290 2198 334.
304 2141 411 2189 odoenus
421 2141 529 2206 qnoedam
542 2141 597 2190 edd.
611 2167 643 2180 -
655 2142 708 2206 337.
727 2141 846 2205 calidoque
863 2141 942 2204 eeripti
956 2153 980 2188 et
993 2139 1064 2186 Mare.
1082 2138 1158 2200 Vulgo
1171 2137 1258 2186 ualido·

204 2229 256 2277 que.
271 2239 302 2250 -
316 2212 370 2276 339.
382 2215 453 2261 l'orte
464 2213 510 2276 leg.
523 2215 576 2260 Heu
586 2231 657 2278 quum
668 2224 730 2272 mm,
741 2227 786 2262 etc.
798 2225 824 2260 nt
832 2215 961 2276 jungantur
970 2227 1040 2276 quem
1050 2209 1114 2258 clera
1125 2214 1200 2258 ruine.
1212 2212 1257 2258 Sed

203 2286 256 2331 Heu
266 2293 363 2348 quantu,
374 2283 528 2332 Hannibalem
536 2285 737 2350 clerumsucturu,
756 2288 837 2334 ruina!
849 2297 927 2343 reete,
942 2287 1037 2348 opinor,
1052 2283 1123 2332 edidit
1136 2281 1216 2330 Leleb.
1229 2299 1256 2330 ea

205 2356 319 2404 emendat.
335 2359 364 2402 N.
380 2359 458 2404 heina.
476 2359 517 2422 qni
530 2371 607 2406 tamen
621 2371 703 2408 centn
719 2371 820 2406 metrum
833 2357 945 2420 jungebat
957 2366 1056 2420 quantu,
1071 2357 1103 2402 Η.
1119 2357 1255 2420 ejectum,
1329 2357 1331 2367 '

205 2433 271 2474 ruitae
283 2427 431 2475 procubuere.

240 2544 292 2611 334
302 2563 341 2616 sq.
354 2547 394 2599 De
404 2559 490 2599 morte
499 2549 620 2602 Marcelli
631 2553 704 2604 conf.
750 2549 848 2606 calenti
860 2552 956 2617 Poeno,
968 2551 1041 2615 lllll,
1061 2547 1109 2612 33,
1129 2561 1156 2600 et
1167 2545 1255 2600 calida

204 2625 259 2678 Liv.
274 2625 386 2692 xxvii,
397 2625 429 2680 ²5
440 2646 472 2699 sq
488 2627 597 2702 ,Polyb
608 2634 647 2696 x,
656 2634 706 2693 323
750 2628 860 2684 consilia
873 2628 947 2703 apud
956 2629 1012 2680 Liv.
1025 2629 1132 2692 XXXV,
1147 2629 1195 2691 32,
1208 2628 1255 2679 ubi

203 2706 320 2776 Appiam
334 2703 360 2756 b.
373 2705 488 2758 llannib.
501 2726 526 2759 c.
540 2709 587 2769 50;
600 2709 668 2761 Plut.
678 2711 707 2762 in
750 2707 806 2760 vid.
822 2707 905 2760 Gron.
920 2709 955 2759 cf.
969 2707 1004 2760 ad
1015 2708 1075 2772 Vll,
1093 2707 1136 2771 34.
1147 2735 1181 2746 -
1192 2707 1253 2776 339.

202 2782 333 2838 Marcello
350 2783 421 2854 opp.
438 2785 468 2836 T.
487 2788 514 2850 l,
532 2805 560 2858 p.
578 2787 630 2840 315
649 2807 706 2860 seq.
751 2785 811 2838 vid.
826 2788 889 2838 Var.
904 2788 978 2839 Lect.
991 2784 1095 2850 -340,
1118 2785 1255 2859 Carthapi-

130 2855 132 2862 ¹
202 2864 320 2917 Imitatio
330 2862 384 2916 loci
396 2865 468 2936 virg.
484 2865 706 2934 mussitastis,
751 2867 793 2920 nie
806 2865 910 2932 horror,
922 2877 954 2918 nt
964 2865 1156 2937 ap.Luer.lll,
1175 2864 1250 2932 ¹⁰47·

201 2945 278 3013 cujus
291 2945 424 2996 sententia
433 2963 541 3017 quoque
551 2965 583 3000 ex
594 2947 621 2999 h.
633 2948 651 3000 l.
665 2965 707 2999 ex·
750 2946 842 3018 Scipio
855 2945 960 2998 dicitnr.
975 2973 1012 2984 «-
1028 2945 1077 3012 341
1092 2961 1132 3014 eq.
1151 2945 1254 2996 Forsan

199 3022 337 3096 pedienda
348 3023 491 3077 videbatur
502 3027 592 3079 Marso
605 3041 630 3081 et
641 3027 704 3081 Era.
748 3025 870 3096 Scipioni
886 3022 966 3094 hujus
981 3021 1046 3076 belli
1063 3023 1179 3074 confecti
1195 3022 1254 3094 glo-

199 3105 235 3157 cf.
253 3101 292 3154 ibi
307 3105 411 3176 lleyne,
429 3107 475 3176 qni
492 3106 571 3160 solem
588 3125 705 3165 auemm
750 3106 817 3156 mam
827 3117 854 3156 et
864 3121 961 3157 nomen
972 3103 1091 3154 Africani
1102 3102 1253 3173 eripuisset,

199 3185 280 3236 etiam
286 3181 467 3238 adhaererem
475 3197 502 3236 et
510 3189 705 3240 aversationem
751 3187 774 3237 si
785 3186 840 3237 vita
847 3185 873 3236 ei
883 3185 1038 3256 contigisset
1048 3179 1186 3253 aliquanto
1194 3182 1254 3234 lon-

197 3261 309 3315 neiandi
322 3264 450 3316 facinoris
463 3279 585 3336 spectare
596 3279 703 3334 monet,
748 3266 815 3338 gion.
828 3291 864 3304 -
874 3263 1019 3335 Scipiadae,
1031 3281 1056 3314 v.
1069 3261 1103 3314 ad
1113 3264 1176 3329 vtl,
1192 3281 1249 3335 ¹⁰7·

197 3341 260 3395 coll.
272 3340 336 3394 Stat.
351 3341 436 3396 Theb.
454 3345 488 3409 V,
502 3361 552 3415 297
568 3363 609 3418 sq.
623 3347 703 3400 Simi·
783 3345 844 3413 343.
857 3341 1252 3396 «Tumulnserateilvestrisin

195 3423 258 3475 liter
270 3435 364 3476 contra
379 3423 439 3492 Sol,
452 3425 593 3497 voluptate
606 3439 702 3497 eaptus
748 3437 788 3477 ter
798 3425 895 3476 Punica
906 3436 933 3476 et
942 3424 1059 3474 llomana
1069 3435 1166 3487 eastra,
1174 3437 1224 3476 etc.
1237 3445 1249 3470 n

197 3500 298 3554 diutins
325 3503 489 3574 inspiciendi
517 3505 702 3578 Nympharum
746 3504 849 3568 Liviae,
866 3502 978 3567 XXVll,
1002 3503 1045 3555 26.
1067 3529 1103 3544 -
1125 3503 1178 3570 344
1194 3519 1248 3576 eeq.

197 3581 325 3648 chorum,
341 3582 489 3638 inhibuisse
506 3604 613 3638 cursum
630 3585 702 3639 diea-
750 3585 803 3634 «ln
814 3582 928 3654 Apulia,
944 3583 1014 3633 inter
1024 3583 1169 3635 Venusiam
1181 3583 1250 3635 Ran-

198 3679 250 3732 que
265 3661 423 3733 produxisse
435 3664 543 3738 lingitur
555 3668 582 3720 in
596 3667 700 3721 Gallim.
747 3663 876 3734 tiemque,
886 3663 974 3714 minue
982 3663 1063 3714 trium
1070 3661 1182 3714 nullium
1190 3681 1251 3734 pae-

197 3739 230 3790 ll.
247 3741 274 3791 in
289 3741 367 3794 Dian.
383 3761 422 3796 ve.
444 3745 489 3800 181
510 3763 566 3818 seq.
583 3745 631 3798 ubi
643 3744 699 3798 vid.
746 3741 1251 3812 tuumintervallo,conenles(M.Clau-

200 3817 344 3888 spanhem.
747 3820 1250 3889 diuaMarcellusetT.QuinctiuaCri·

234 3897 285 3966 337
296 3915 335 3969 eq.
345 3901 481 3971 Graphiea
492 3904 582 3974 imago
595 3917 622 3955 et
633 3905 700 3956 inei-
746 3900 856 3971 epinus)
866 3901 936 3954 binis
949 3902 1043 3953 eastris
1053 3899 1247 3952 consederunt:

197 3975 257 4046 gnis
267 3993 299 4026 ae
311 3993 375 4029 vera
382 3978 503 4032 Marcelli
515 3980 583 4034 laus,
594 4012 630 4021 -
641 3983 700 4035 Mo·
744 3981 772 4030 in
786 3996 866 4051 quam
876 3981 1012 4052 regionem
1025 3992 1051 4031 et
1060 3978 1193 4031 Hannibal
1206 3996 1249 4028 re·

197 4053 313 4120 lesuiri,
334 4057 374 4107 vir
388 4077 500 4130 magnus
519 4079 551 4112 ac
564 4064 699 4114 fortis.-
748 4058 812 4127 diii,
833 4072 907 4112 etc.»
929 4060 986 4113 liv.
1012 4060 1123 4123 xxvii,
1149 4055 1189 4108 25.
1211 4082 1248 4094 -

194 4133 283 4188 calido
294 4134 438 4190 inhabitata
446 4139 533 4192 Marte
537 4151 642 4208 pectore
647 4179 657 4208 ,
669 4153 697 4196 at
743 4141 833 4192 Dauni
846 4141 873 4192 in
885 4143 969 4206 urvis,
983 4139 1037 4193 vid.
1053 4137 1125 4201 adl,
1140 4148 1188 4203 ²9¹
1206 4149 1250 4201 equ
