2930 4644
368 331 431 396 ΒΕ
453 330 570 398 sinu
595 332 709 396 vim
731 331 794 398 nr
816 335 1047 402 utrumn
1165 349 1224 427 471

183 471 369 555 tellement,
392 494 458 534 non
476 474 551 556 quid
571 476 648 536 scire
662 487 692 536 et
707 473 876 559 intelligere
887 479 1046 557 deberent,
1070 483 1230 565 respicien-

181 559 262 620 dum
274 561 362 638 duxi,
378 583 495 624 memor
508 565 672 626 verborum
682 566 849 628 Servutoris
862 572 971 645 nostri,
986 575 1015 630 ὀὐ
1024 578 1111 654 xpum
1122 573 1230 653 ’ἔχουσιν

182 651 354 730 οἰίσχύονπς
363 657 467 734 ἰατροῦ,
477 654 532 712 dll'
542 657 779 736 υἱωῶςΐχονπς.
793 658 943 719 Prteterea
952 661 1124 742 permultis,
1135 663 1228 722 etium

180 737 375 816 eandoem,
389 741 528 802 adcidem
539 742 628 818 solet,
643 743 675 804 id
689 743 775 826 quod
789 746 847 805 sibi
863 745 1007 808 adcidisse
1022 767 1228 830 sepenumero

183 825 384 891 Ceseultouus
405 845 435 892 et
454 832 784 910 Ernesti‘letebentur,
808 847 857 911 ut,
879 836 955 897 dum
973 839 1030 918 ipsi
1045 838 1102 898 sibi
1121 838 1229 920 legunt

180 915 275 976 verbs
285 918 837 1000 eucmris‚fscillimesibividesntur,
852 944 922 1007 que
931 925 1070 988 difficilis
1079 927 1228 1008 explicatu

179 1014 211 1062 et
224 1003 352 1066 obecme
362 1029 424 1070 esse
437 1009 611 1092 intelligent
624 1012 845 1088 turndemum,
856 1033 953 1098 quum
969 1013 1035 1074 eliis
1048 1035 1153 1074 eorum
1165 1015 1230 1074 vim
1308 1101 1310 1106 Ι

178 1112 217 1152 ac
237 1113 359 1158 sensum
379 1097 519 1160 distincte
534 1101 694 1184 plenisque
708 1102 806 1164 verbis
821 1103 1045 1186 interpretendi
1059 1104 1229 1187 periculum

175 1179 305 1246 facient.
324 1189 394 1248 linc
415 1187 533 1250 adsedit
545 1191 599 1268 (ut
613 1193 707 1253 verbe
728 1191 774 1252 lll.
790 1194 903 1276 lieynii
924 1195 957 1254 in
978 1191 1101 1254 Proefat.
1120 1193 1228 1274 virgil.

177 1270 213 1330 Τ.
229 1273 302 1355 l,p.
318 1295 366 1350 v13
384 1278 418 1337 T.
433 1277 477 1354 ll,
491 1299 522 1359 p.
539 1299 585 1354 rx,
606 1281 683 1340 et'l'.
699 1280 757 1356 lll,
780 1301 810 1364 p.
827 1301 880 1357 ur,
901 1301 971 1342 mea
984 1281 1130 1360 lecim),
1147 1281 1229 1362 quod

178 1360 280 1421 multe
294 1362 371 1424 mihi
387 1367 541 1427 mouendo
554 1367 655 1444 fuere,
671 1389 769 1450 quum
781 1371 983 1453 interpretum
998 1369 1132 1452 aliquem
1144 1381 1173 1430 et
1187 1371 1229 1429 vi-

178 1467 251 1507 rum
264 1449 405 1529 doctum,
422 1457 563 1536 quamvis
576 1479 595 1516 a
611 1479 660 1518 me
676 1478 740 1518 non
757 1461 969 1535 nominatum,
985 1461 1018 1520 in
1032 1458 1090 1520 hoc
1103 1457 1152 1521 vel
1162 1459 1227 1539 ipso

179 1532 247 1595 loco
258 1551 288 1598 et
299 1542 393 1601 verbo
403 1541 523 1603 haesisse
533 1557 587 1604 snt
598 1546 720 1630 lapsum
733 1569 794 1608 esse
805 1550 954 1621 viderem
969 1569 1038 1632 qute
1051 1560 1154 1609 temen
1166 1568 1229 1610 mo·

177 1622 236 1680 nui
257 1623 320 1686 fere
337 1629 431 1688 verbo
448 1641 588 1706 tantum,
607 1631 790 1716 plerumque
804 1636 891 1697 nulle
906 1635 966 1695 alia
981 1656 1027 1711 ne,
1049 1656 1143 1717 quam
1157 1654 1229 1694 vern

176 1710 431 1796 interpretatione
442 1719 589 1800 subjecta,
604 1737 640 1782 ut
649 1723 834 1802 adolescens,
849 1727 946 1809 quiin
956 1725 1085 1787 similem
1094 1745 1228 1786 errorem

177 1814 234 1860 aut
244 1801 459 1868 difficultatem
471 1821 526 1870 eut
539 1811 571 1870 in
585 1812 728 1873 eumdem
740 1815 938 1898 interpretem
953 1815 1112 1890 incideret,
1124 1816 1226 1876 stetim

177 1887 317 1968 heberet,
335 1917 396 1977 quo
412 1918 484 1958 eum
500 1899 712 1982 redargueret:
727 1917 795 1962 tum
811 1903 947 1978 formula
963 1903 1110 1986 loquendi
1127 1925 1227 1987 perse

176 1977 256 2040 forte
264 1997 330 2043 eret
338 1985 410 2045 setis
419 1999 509 2062 note,
524 2008 623 2069 quum
633 1991 839 2054 cumulassent
848 1990 1062 2074 aliiexempla,
1076 1991 1127 2052 sed
1136 2012 1226 2052 ceute

176 2079 206 2126 et
220 2069 298 2130 ratio
312 2072 380 2133 talis
396 2073 569 2156 elegantia,
591 2090 626 2136 ut
642 2078 675 2137 in
692 2078 842 2160 plerisque
859 2077 923 2140 fieri
937 2079 1026 2154 solet,
1045 2079 1148 2140 minus
1162 2093 1227 2140 eret

176 2176 228 2216 seu
243 2159 402 2223 observata
415 2185 466 2224 seu
478 2179 648 2248 perspecto3
663 2165 744 2230 hanc
754 2167 851 2250 digito
863 2181 1033 2231 monstrare
1044 2168 1145 2230 volui:
1159 2183 1226 2230 tsn-

176 2242 246 2304 dem
261 2261 291 2308 et
301 2250 400 2312 mults
414 2251 447 2314 in
461 2250 519 2316 hoc
530 2274 641 2336 genem
651 2257 824 2318 ‚etsemlent
837 2259 909 2318 satis
920 2257 1026 2332 obvie,
1042 2258 1067 2317 si
1080 2256 1172 2318 semel
1184 2258 1223 2318 eb

176 2331 278 2415 aliquo
291 2338 449 2402 observato
465 2354 495 2402 et
508 2342 656 2426 explicate
672 2341 803 2421 fuerint,
824 2366 888 2407 non
903 2367 975 2406 roro
990 2357 1095 2406 temen
1108 2345 1223 2421 evenit,

177 2433 210 2480 ut
225 2421 276 2482 ille
294 2427 358 2507 ipso
371 2425 518 2490 facillima
534 2431 630 2506 ratio,
652 2445 819 2514 antequem
834 2445 1004 2494 monstrate
1016 2445 1104 2506 esset,
1126 2431 1224 2513 plero-

176 2527 307 2592 rumque
320 2515 426 2576 oculos
438 2515 566 2598 lugeret.
581 2521 725 2580 Ceterum
739 2541 796 2602 pro
807 2533 888 2581 certo
903 2519 1047 2603 polliceor
1060 2517 1119 2579 hoc
1131 2517 1224 2580 bene·

176 2597 251 2658 volis
271 2598 433 2666 lectoribus
448 2619 478 2664 et
493 2603 658 2681 confirmo,
679 2628 730 2668 me
744 2609 777 2668 in
793 2628 894 2691 operte
913 2627 1053 2690 processu
1067 2607 1153 2666 omni
1166 2627 1223 2688 ope

177 2699 267 2766 atque
276 2690 377 2752 studio
383 2693 541 2754 enisurum
550 2715 625 2771 esse,
636 2709 671 2757 ut
679 2696 800 2758 brevior
809 2698 882 2772 sim,
891 2711 987 2778 utque
996 2696 1128 2758 alterum
1137 2695 1221 2756 volu-

177 2793 262 2850 men,
270 2779 325 2838 etsi
337 2801 447 2842 novem
456 2784 601 2844 carminis
609 2783 715 2846 Siliani
725 2785 880 2866 libros(r),
889 2785 1021 2847 indicem
1030 2785 1222 2845 uberrimum

175 2857 358 2946 brevemque
371 2868 409 2929 de
422 2869 491 2930 stilo
501 2884 532 2931 et
544 2871 705 2933 idiotismis
719 2873 783 2934 Silii
796 2874 949 2934 diatriben
961 2872 1009 2934 vel
1023 2871 1221 2954 adpendicem

174 2955 405 3036 complectetur,
419 2958 510 3043 hujus
524 2962 632 3044 prioris
644 2964 772 3025 modum
784 2986 823 3026 ne
835 2977 936 3046 tequet
950 2963 1091 3044 quidem,
1106 2961 1220 3024 nedum

173 3044 301 3107 excedet
319 3048 441 3110 Etenim
462 3071 528 3111 non
548 3052 647 3114 verbis
666 3066 790 3115 tantum
810 3073 906 3136 quem
925 3052 1127 3136 paucissimis,
1150 3072 1220 3134 quae

173 3129 300 3196 dicenda
311 3153 416 3214 erunt,
431 3141 598 3222 exprimere
609 3141 754 3218 studebo,
768 3141 819 3202 sed
834 3140 952 3223 relique
966 3141 1059 3202 etiam
1073 3139 1219 3222 poematis

174 3241 241 3304 pars
261 3225 363 3285 minus
385 3225 576 3289 difficultatis
598 3228 706 3306 habet,
729 3243 759 3290 et
781 3243 926 3312 preterea
947 3229 1072 3290 lectores
1094 3227 1218 3288 secundi

172 3313 271 3388 Tomi,
287 3314 369 3395 quod
378 3313 444 3397 jem
458 3318 490 3378 in
504 3317 565 3379 hoc
581 3318 648 3401 ipso
662 3321 823 3401 saepissime
836 3319 954 3380 lactum
970 3318 1133 3392 videbunt,
1149 3337 1220 3401 per-

173 3403 273 3464 multis
285 3403 359 3466 locis
373 3405 411 3466 ed
427 3427 476 3483 ea,
498 3429 566 3490 quae
580 3408 619 3469 de
634 3409 742 3470 iisdem
756 3408 805 3470 vel
819 3410 919 3470 verbis
935 3408 984 3469 vel
1000 3408 1090 3470 rebus
1103 3407 1217 3468 alicubi

170 3490 231 3572 jam
248 3515 331 3556 nunc
345 3495 407 3556 dixi
421 3517 456 3559 ec
470 3497 636 3581 disputavi,
652 3500 804 3560 remittere
816 3498 929 3560 licebit

111 3600 115 3609 ’
209 3581 374 3645 Enimvero
386 3587 458 3646 setis
472 3586 525 3647 diu
537 3586 661 3648 lectores
673 3589 773 3664 tenui,
787 3608 863 3669 quos
878 3607 963 3648 nunc
977 3605 1072 3667 quem
1085 3582 1152 3644 fieri
1167 3605 1218 3664 po-

176 3679 227 3727 test
241 3669 503 3732 observantissime
515 3673 788 3756 studiosissimeque
799 3694 892 3756 rogo,
906 3687 936 3733 et
949 3673 1124 3732 universum
1136 3669 1217 3732 hanc

176 3775 293 3836 operam
306 3779 422 3836 meum,
435 3782 529 3843 quum
541 3781 649 3822 eorum
659 3759 761 3822 favori
771 3775 802 3822 et
814 3759 1014 3842 indulgentie
1026 3758 1139 3820 timidis
1152 3780 1217 3842 pre·
1248 3806 1253 3813 .

205 3877 244 3951 (ι)
260 3881 349 3936 Plures
362 3903 412 3955 epo
428 3885 525 3953 libros,
542 3885 667 3940 undecim
711 3901 774 3960 post
785 3887 937 3941 obsoletum
947 3884 1057 3938 tendem
1070 3902 1139 3957 opus
1151 3887 1215 3955 reji-

175 3959 284 4027 scilicet,
306 3961 333 4014 in
350 3965 435 4033 priori
453 3983 512 4018 meo
532 3966 668 4020 volumine
713 3987 773 4020 cere
803 3970 886 4021 sotius
914 3965 1059 4018 rideretur·
1087 3965 1215 4018 Cutem

175 4043 258 4114 coegi,
273 4059 356 4112 quum
370 4061 474 4096 omnem
490 4045 559 4100 hene
575 4047 610 4099 de
625 4045 668 4099 si·
712 4065 887 4119 quecumque
906 4047 1013 4117 scripsit
1035 4041 1068 4096 ⁰1·
1092 4044 1214 4113 “adimit

173 4119 204 4174 lio
220 4124 472 4178 commentationem
484 4124 668 4200 judiciumque
712 4125 835 4199 religiose
844 4127 944 4180 intecta
953 4122 1059 4194 reliqui·
1072 4120 1121 4172 El>-
