2960 4644
450 367 885 462 numentinum.
909 371 983 435 xv.
1179 370 1240 436 265

204 516 311 601 Atque
324 509 480 578 indefessi
493 527 691 600 noctemque
704 507 862 598 diemque
874 495 1031 576 feruntur.

249 627 290 682 At
303 621 406 682 Roma
417 617 546 683 adversi
558 633 686 682 tanturn
698 615 782 680 mala
795 615 931 703 gliscere
943 615 1021 680 belli

207 720 397 812 Adcipiens‚
411 723 577 814 trepidare
589 739 695 801 metu,
709 722 916 810 nimiumque
928 718 1093 786 Neronem

206 829 392 916 Speravisse
404 831 513 920 queri,
527 845 627 922 atque
640 850 707 891 uno
721 825 783 891 sibi
795 825 931 891 vulnere
943 848 1038 913 posse

207 935 337 999 Auferri
349 952 525 1002 restantem
538 934 679 998 animam
693 955 700 995 ε
715 955 782 996 non
794 953 899 1010 arma,
913 953 1118 1008 uersurum,
1203 941 1246 990 580

207 1042 275 1106 Nec
287 1039 425 1129 pubem,
437 1063 513 1120 nec,
526 1063 627 1130 quem
640 1037 795 1117 fundant,
810 1059 983 1126 superesse
995 1057 1157 1101 cruorern.

207 1145 335 1212 Scilicet
348 1144 589 1212 Hasdrubalem
601 1141 749 1224 invadat,
763 1143 820 1232 qui
832 1140 874 1206 ad
886 1141 997 1230 praelia
1010 1140 1071 1205 soli

208 1248 385 1314 Hannibali
397 1252 473 1315 satis
486 1271 559 1314 esse
571 1248 706 1337 nequit?
713 1247 780 1338 jam
793 1269 921 1324 rursus,
934 1244 991 1310 ubi
1003 1269 1094 1310 arma

209 1355 372 1419 Avertisse
386 1377 446 1420 suo
458 1355 609 1442 cognorit
620 1353 715 1418 devia
729 1351 829 1432 vallo,

210 1463 385 1526 Haesurum
399 1463 501 1548 portis
513 1465 652 1526 Poeuum
663 1485 671 1524 ι
684 1460 829 1539 venisse,
843 1459 987 1548 superbo
1030 1483 1033 1490 ’

209 1568 273 1650 Qui
287 1568 376 1632 fratri
389 1583 508 1647 certet,
521 1569 576 1632 oui
588 1568 729 1630 maxima
742 1567 843 1654 gloria
856 1565 951 1631 cedat

213 1671 310 1736 Urbis
323 1673 441 1738 deletae
454 1696 460 1735 :
474 1674 586 1738 fremit
597 1695 710 1737 amens
723 1671 822 1738 corde
834 1671 895 1737 sub
908 1674 974 1738 imo

214 1775 306 1842 Ordo
319 1780 469 1858 Petrum,
480 1801 518 1844 ac
530 1801 650 1866 magno
663 1778 787 1842 interea
800 1776 979 1842 meditatur
989 1799 1101 1842 amore

212 1883 370 1951 Serveudi
383 1885 526 1962 decoris,
540 1907 685 1974 quonam
698 1906 732 1950 se
745 1885 811 1949 fine
823 1884 963 1949 minanti

210 1991 350 2084 Servitio
364 1992 494 2081 eripiat,
508 1993 676 2080 Divosque
690 1989 808 2056 evadat
819 1992 962 2082 iniquos.

212 2097 280 2160 Hos
294 2098 379 2162 inter
390 2099 531 2186 gemitus
544 2095 685 2162 obscuro
698 2098 804 2161 noetis
817 2119 929 2184 opacae

210 2203 366 2272 Subcedit
378 2206 490 2272 castris
503 2207 606 2282 Nero,
620 2229 694 2295 quae
707 2205 883 2294 conjuncta
896 2205 1000 2269 feroci

212 2313 322 2377 Livius
338 2311 537 2378 Hasdrubali
549 2312 635 2377 vello
648 2311 785 2378 custode
798 2311 942 2377 tenebat.

255 2417 393 2504 Belliger
405 2420 431 2483 is
445 2417 628 2506 quondam,
642 2419 809 2507 scitusque
821 2414 1008 2482 adcendere
1020 2419 1160 2482 Martem

213 2593 242 2640 ad
254 2595 287 2650 ll,
300 2594 351 2640 123.
361 2619 392 2629 -
402 2595 455 2656 577.
470 2604 556 2640 tantum
568 2603 591 2640 et
600 2593 659 2640 mole
671 2609 751 2640 omnen
762 2596 840 2655 scripti
852 2605 875 2641 et
885 2597 911 2640 ll.
924 2611 950 2650 π,
962 2594 1024 2640 undo
1035 2603 1133 2648 multem,
1144 2609 1186 2647 en,
1195 2592 1255 2638 molo

216 2663 285 2708 edidit
296 2663 376 2710 Leleb.
394 2677 421 2710 ut
434 2666 462 2710 sit
475 2663 639 2724 elegantissime
650 2663 771 2726 emplusio.
784 2689 815 2700 -··
828 2665 880 2727 579.
893 2666 1015 2728 Spt'rovbse
1028 2665 1088 2724 conj.
1101 2665 1129 2708 N.
1142 2664 1220 2708 lleins.
1234 2675 1257 2708 et

215 2746 237 2775 r.
255 2732 310 2788 581,
322 2749 387 2796 quem
393 2731 494 2795 jandan
506 2749 553 2780 non
564 2733 637 2787 mule,
650 2745 676 2780 ut
686 2733 716 2780 ad
728 2735 823 2778 Rornaro
835 2735 907 2795 lpum
918 2732 1040 2778 referetur.
1053 2757 1083 2768 -
1095 2732 1147 2778 582.
1160 2733 1192 2776 lta
1205 2730 1255 2777 Col.

216 2813 239 2846 et
248 2803 321 2846 Oxou.
333 2815 393 2855 non,
406 2811 432 2846 nt
440 2800 522 2862 vulgo,
535 2801 653 2856 attendunt,
664 2803 695 2847 od
701 2799 793 2863 prolia,
806 2815 851 2848 ete.
862 2827 891 2837 -
903 2801 955 2864 587.
969 2804 1013 2846 r'mo
1021 2799 1070 2846 Gol.
1080 2800 1137 2847 Tell.
1152 2803 1217 2847 Rom.
1232 2815 1256 2854 1,

216 2872 291 2917 Parm.
303 2870 367 2917 Med.
383 2872 453 2918 lllersi
467 2873 525 2916 Van.
539 2875 626 2934 primu,
641 2888 686 2918 uno
699 2874 773 2918 Oxou.
788 2875 838 2917 Put.
854 2874 880 2917 lt.
895 2887 921 2928 π,
936 2871 1006 2916 Marsi
1017 2887 1063 2918 see.
1080 2869 1142 2916 Aoul.
1159 2881 1182 2916 et
1194 2869 1256 2924 alite,

216 2944 298 3006 probb.
311 2946 397 3008 namq.
409 2955 431 2990 et
441 2944 518 2992 Barth.
533 2946 590 2992 Adr.
603 2947 646 3002 lli,
662 2961 701 3007 17,
713 2957 739 2990 ut
749 2960 874 2992 contentus
886 2947 979 2991 Petrum
989 2944 1013 2988 in
1025 2947 1106 2990 timore
1115 2943 1255 3004 designetur.

215 3039 245 3051 -
258 3014 310 3077 594.
325 3014 422 3080 Belliyer
432 3018 450 3061 t's
462 3015 510 3063 col.
523 3016 580 3062 Tell.
593 3019 620 3062 R·
637 3033 644 3062 r
654 3052 660 3072 ,
672 3015 780 3082 Bolliqere
790 3017 809 3062 is
820 3017 872 3062 Put.
885 3013 980 3080 Belliqer
989 3013 1022 3059 lu
1030 3015 1057 3060 u.
1070 3030 1091 3061 o.
1102 3013 1177 3074 Vulgo
1188 3010 1258 3058 Belli-

215 3167 301 3220 adnisi
316 3167 389 3220 illum
404 3169 535 3221 ductorem
552 3189 658 3242 equore
675 3187 716 3222 se·
759 3169 851 3221 evadat
860 3169 974 3242 iniquos,
984 3168 1052 3219 iram
1062 3165 1173 3218 deorum
1183 3181 1257 3217 arer-

216 3247 711 3320 queudo‚augentcursus‚atque,eto.·
759 3261 861 3300 runcet.

215 3326 386 3396 -feruntttr,
399 3328 453 3380 vid.
465 3327 500 3380 ad
509 3331 553 3393 IV,
566 3329 624 3382 a6r.
795 3331 842 3399 59¹
858 3344 917 3398 sqq.
929 3325 1007 3379 Conl.
1021 3326 1075 3378 Lir.
1088 3325 1199 3390 XXWI,
1212 3323 1255 3391 46.

251 3407 301 3478 577
315 3425 370 3478 seq.
383 3408 460 3460 Conl.
475 3407 530 3460 Liv.
543 3409 654 3474 XXVll‚
666 3409 714 3476 44,
759 3439 793 3451 -·
805 3408 876 3462 vallo
888 3407 1004 3474 custode,
1017 3419 1105 3460 eastra
1116 3406 1186 3458 vallo
1197 3425 1256 3458 mu-

217 3499 242 3538 et
254 3505 313 3558 sap.
330 3486 381 3540 5ι5
393 3505 433 3558 sq.
448 3487 496 3540 nbi
507 3487 613 3540 brevior
627 3489 714 3540 fuerat
758 3491 823 3540 nita.
831 3517 867 3529 -
875 3487 953 3558 594...
962 3489 1022 3540 600.
1034 3509 1045 3532 a
1056 3487 1092 3537 M.
1100 3487 1190 3538 Livius
1200 3497 1258 3539 erat

216 3579 304 3636 poete.
325 3595 359 3608 ·-
378 3567 438 3638 579.
456 3586 508 3620 uno
525 3566 642 3634 vulnere,
660 3587 714 3620 una
758 3567 919 3621 multisante
931 3569 1007 3619 annis
1018 3563 1199 3618 exconsulem
1209 3583 1258 3636 po·

218 3643 300 3696 clade.
315 3673 349 3684 -—
361 3646 421 3700 580.
435 3659 568 3700 restantem
580 3647 712 3712 animam,
758 3647 922 3722 pulijudicio
931 3642 1151 3716 damnatus(soil.
1163 3667 1174 3690 ι
1184 3643 1257 3716 quod

220 3720 349 3794 quidquid
363 3726 713 3797 viriomsupersit.-584.
758 3727 875 3800 predam
898 3744 953 3780 nou
974 3724 1110 3797 aqualiter
1133 3723 1259 3777 diviserat

133 3819 136 3826 ·
219 3803 340 3856 Auertisse
350 3823 390 3872 ee,
401 3825 492 3860 averse
503 3825 574 3873 esse,
583 3826 656 3860 anna
666 3807 715 3857 llo-
759 3807 885 3859 militibus
897 3830 907 3853 ι
920 3807 1040 3858 Frontin.
1051 3805 1166 3856 Straton.
1176 3805 1220 3868 IV,
1234 3819 1257 3869 1,

220 3899 358 3934 manorum
368 3903 384 3936 a
392 3903 439 3938 suo
450 3886 596 3952 vallo‚sois
606 3887 713 3948 cestria
760 3885 812 3957 45)
825 3903 905 3957 quam
917 3885 1090 3958 ignominiam
1107 3882 1175 3936 adeo
1189 3899 1257 3953 egre

220 3961 291 4010 conl.
304 3961 375 4026 adl,
388 3963 447 4034 539.
459 3995 496 4004 -·
508 3965 567 4034 589.
574 3963 648 4036 fine,
660 3983 716 4015 mo·
761 3965 872 4032 tulerat,
885 3979 915 4018 ut
929 3979 956 4018 et
971 3983 1014 4018 rus
1031 3967 1156 4036 migraret
1172 3975 1199 4014 et
1210 3978 1259 4032 per
1332 3971 1338 3982 ¹

220 4039 255 4090 do
268 4039 316 4109 (ut
327 4041 398 4112 apud
407 4044 474 4096 Gell,
486 4048 511 4109 l,
522 4046 552 4109 3,
566 4057 629 4097 extr.
642 4046 716 4111 xm,
761 4045 859 4096 multos
872 4063 957 4097 annos
969 4057 995 4097 et
1008 4043 1073 4096 urbe
1086 4057 1112 4094 et
1122 4042 1194 4092 omni
1206 4055 1258 4088 coe·

221 4135 254 4172 20
265 4117 628 4194 el.)‚releontilio.-590.
641 4123 717 4178 Dt'uos
761 4137 791 4176 tu
808 4137 910 4178 careret
929 4124 1082 4184 hominum,
1101 4131 1151 4169 rte.
1170 4139 1181 4162 υ
1202 4115 1256 4163 lll'·
1282 4187 1284 4194 X
