<?xml version="1.0" encoding="UTF-8"?>
<!DOCTYPE html PUBLIC "-//W3C//DTD XHTML 1.0 Transitional//EN"
    "http://www.w3.org/TR/xhtml1/DTD/xhtml1-transitional.dtd">
<html xmlns="http://www.w3.org/1999/xhtml" xml:lang="en" lang="en">
 <head>
  <title>
</title>
<meta http-equiv="Content-Type" content="text/html;charset=utf-8" />
  <meta name='ocr-system' content='tesseract 3.04.00' />
  <meta name='ocr-capabilities' content='ocr_page ocr_carea ocr_par ocr_line ocrx_word'/>
</head>
<body>
  <div class='ocr_page' id='page_1' title='image "./punicorumlibris00italgoog/punicorumlibris00italgoog_0035.png"; bbox 0 0 2956 4670; ppageno 0'>
   <div class='ocr_carea' id='block_1_1' title="bbox 228 350 953 435">
    <p class='ocr_par' dir='ltr' id='par_1_1' title="bbox 228 350 953 435">
     <span class='ocr_line' id='line_1_1' title="bbox 228 350 953 435; baseline 0.003 -17"><span class='ocrx_word' id='word_1_1' title='bbox 228 361 268 435; x_wconf 68' lang='lat'><strong>24</strong></span> <span class='ocrx_word' id='word_1_2' title='bbox 546 350 953 420; x_wconf 64' lang='lat' dir='ltr'><strong>cenomanici</strong></span> 
     </span>
    </p>
   </div>
   <div class='ocr_carea' id='block_1_2' title="bbox 153 491 1175 1544">
    <p class='ocr_par' dir='ltr' id='par_1_2' title="bbox 224 491 992 583">
     <span class='ocr_line' id='line_1_2' title="bbox 224 491 992 583; baseline -0.001 -26"><span class='ocrx_word' id='word_1_3' title='bbox 224 496 273 558; x_wconf 85' lang='lat' dir='ltr'><strong>Ne</strong></span> <span class='ocrx_word' id='word_1_4' title='bbox 286 515 349 580; x_wconf 88' lang='lat' dir='ltr'><strong>qua</strong></span> <span class='ocrx_word' id='word_1_5' title='bbox 361 514 436 579; x_wconf 85' lang='lat' dir='ltr'><strong>spes</strong></span> <span class='ocrx_word' id='word_1_6' title='bbox 448 491 539 556; x_wconf 84' lang='lat' dir='ltr'><strong>fusos</strong></span> <span class='ocrx_word' id='word_1_7' title='bbox 551 493 640 580; x_wconf 82' lang='lat' dir='ltr'><strong>pacis</strong></span> <span class='ocrx_word' id='word_1_8' title='bbox 651 494 796 583; x_wconf 77' lang='lat' dir='ltr'><strong>vittaque</strong></span> <span class='ocrx_word' id='word_1_9' title='bbox 809 510 966 560; x_wconf 85' lang='lat' dir='ltr'><strong>manaret.</strong></span> <span class='ocrx_word' id='word_1_10' title='bbox 978 525 992 556; x_wconf 73' lang='grc' dir='ltr'>ι</span> 
     </span>
    </p>

    <p class='ocr_par' dir='ltr' id='par_1_3' title="bbox 222 599 958 692">
     <span class='ocr_line' id='line_1_3' title="bbox 222 599 958 692; baseline 0.008 -30"><span class='ocrx_word' id='word_1_11' title='bbox 222 599 385 664; x_wconf 88' lang='lat' dir='ltr'><strong>Vincebat</strong></span> <span class='ocrx_word' id='word_1_12' title='bbox 398 599 539 664; x_wconf 86' lang='lat' dir='ltr'><strong>clamore</strong></span> <span class='ocrx_word' id='word_1_13' title='bbox 554 599 661 678; x_wconf 78' lang='lat' dir='ltr'><strong>tubae,</strong></span> <span class='ocrx_word' id='word_1_14' title='bbox 676 601 832 692; x_wconf 87' lang='lat' dir='ltr'><strong>vocisque</strong></span> <span class='ocrx_word' id='word_1_15' title='bbox 845 603 958 692; x_wconf 76' lang='lat' dir='ltr'><strong>vigore</strong></span> 
     </span>
    </p>

    <p class='ocr_par' dir='ltr' id='par_1_4' title="bbox 221 703 1175 905">
     <span class='ocr_line' id='line_1_4' title="bbox 221 703 1175 795; baseline 0.007 -27"><span class='ocrx_word' id='word_1_16' title='bbox 221 705 378 787; x_wconf 86' lang='lat' dir='ltr'><strong>Quamvis</strong></span> <span class='ocrx_word' id='word_1_17' title='bbox 391 703 572 770; x_wconf 86' lang='lat' dir='ltr'><strong>obstructas</strong></span> <span class='ocrx_word' id='word_1_18' title='bbox 585 730 691 772; x_wconf 84' lang='lat' dir='ltr'><strong>saevus</strong></span> <span class='ocrx_word' id='word_1_19' title='bbox 702 707 899 795; x_wconf 77' lang='lat' dir='ltr'>penetrabat</span> <span class='ocrx_word' id='word_1_20' title='bbox 911 709 943 772; x_wconf 92' lang='lat' dir='ltr'><strong>in</strong></span> <span class='ocrx_word' id='word_1_21' title='bbox 957 731 1065 774; x_wconf 82' lang='lat' dir='ltr'><strong>aures.</strong></span> <span class='ocrx_word' id='word_1_22' title='bbox 1169 775 1175 786; x_wconf 83' lang='grc'>,</span> 
     </span>
     <span class='ocr_line' id='line_1_5' title="bbox 270 809 1004 905; baseline 0.004 -29"><span class='ocrx_word' id='word_1_23' title='bbox 270 809 530 905; x_wconf 75' lang='lat' dir='ltr'><strong>Polydamanteis</strong></span> <span class='ocrx_word' id='word_1_24' title='bbox 538 814 671 902; x_wconf 84' lang='lat' dir='ltr'><strong>juvenis</strong></span> <span class='ocrx_word' id='word_1_25' title='bbox 686 812 847 880; x_wconf 78' lang='lat' dir='ltr'>Pedianus</span> <span class='ocrx_word' id='word_1_26' title='bbox 861 816 1004 881; x_wconf 86' lang='lat' dir='ltr'><strong>inarmis</strong></span> 
     </span>
    </p>

    <p class='ocr_par' dir='ltr' id='par_1_5' title="bbox 224 919 1122 1010">
     <span class='ocr_line' id='line_1_6' title="bbox 224 919 1122 1010; baseline 0.006 -27"><span class='ocrx_word' id='word_1_27' title='bbox 224 919 311 984; x_wconf 89' lang='lat' dir='ltr'><strong>Bella</strong></span> <span class='ocrx_word' id='word_1_28' title='bbox 324 919 465 1006; x_wconf 71' lang='lat' dir='ltr'><strong>agitabat</strong></span> <span class='ocrx_word' id='word_1_29' title='bbox 476 936 582 998; x_wconf 87' lang='lat' dir='ltr'><strong>atrox,</strong></span> <span class='ocrx_word' id='word_1_30' title='bbox 596 919 805 1010; x_wconf 86' lang='lat' dir='ltr'><strong>Trojanaque</strong></span> <span class='ocrx_word' id='word_1_31' title='bbox 817 922 957 1004; x_wconf 81' lang='lat' dir='ltr'><strong>semina,</strong></span> <span class='ocrx_word' id='word_1_32' title='bbox 971 939 1122 1000; x_wconf 74' lang='lat' dir='ltr'><strong>erectus,</strong></span> 
     </span>
    </p>

    <p class='ocr_par' dir='ltr' id='par_1_6' title="bbox 222 1027 941 1116">
     <span class='ocr_line' id='line_1_7' title="bbox 222 1027 941 1116; baseline 0.004 -25"><span class='ocrx_word' id='word_1_33' title='bbox 222 1031 332 1115; x_wconf 84' lang='lat' dir='ltr'><strong>Atque</strong></span> <span class='ocrx_word' id='word_1_34' title='bbox 344 1029 528 1092; x_wconf 81' lang='lat' dir='ltr'><strong>Antenorea</strong></span> <span class='ocrx_word' id='word_1_35' title='bbox 542 1050 614 1094; x_wconf 86' lang='lat' dir='ltr'><strong>sese</strong></span> <span class='ocrx_word' id='word_1_36' title='bbox 629 1027 670 1092; x_wconf 90' lang='lat' dir='ltr'><strong>de</strong></span> <span class='ocrx_word' id='word_1_37' title='bbox 684 1029 785 1116; x_wconf 79' lang='lat' dir='ltr'>stirpe</span> <span class='ocrx_word' id='word_1_38' title='bbox 798 1028 941 1110; x_wconf 83' lang='lat' dir='ltr'><strong>ferebat,</strong></span> 
     </span>
    </p>

    <p class='ocr_par' dir='ltr' id='par_1_7' title="bbox 224 1132 1001 1225">
     <span class='ocr_line' id='line_1_8' title="bbox 224 1132 1001 1225; baseline 0.003 -25"><span class='ocrx_word' id='word_1_39' title='bbox 224 1132 321 1200; x_wconf 86' lang='lat' dir='ltr'><strong>Haud</strong></span> <span class='ocrx_word' id='word_1_40' title='bbox 333 1133 438 1199; x_wconf 90' lang='lat' dir='ltr'><strong>levior</strong></span> <span class='ocrx_word' id='word_1_41' title='bbox 449 1135 578 1222; x_wconf 76' lang='lat' dir='ltr'><strong>generis</strong></span> <span class='ocrx_word' id='word_1_42' title='bbox 591 1134 675 1200; x_wconf 88' lang='lat' dir='ltr'><strong>fama</strong></span> <span class='ocrx_word' id='word_1_43' title='bbox 690 1157 849 1225; x_wconf 84' lang='lat' dir='ltr'><strong>sacroque</strong></span> <span class='ocrx_word' id='word_1_44' title='bbox 861 1138 1001 1202; x_wconf 85' lang='lat' dir='ltr'><strong>Timavo</strong></span> 
     </span>
    </p>

    <p class='ocr_par' dir='ltr' id='par_1_8' title="bbox 153 1238 1012 1326">
     <span class='ocr_line' id='line_1_9' title="bbox 153 1238 1012 1326; baseline 0.002 -21"><span class='ocrx_word' id='word_1_45' title='bbox 153 1259 157 1273; x_wconf 93' lang='grc'>·</span> <span class='ocrx_word' id='word_1_46' title='bbox 222 1241 348 1322; x_wconf 80' lang='lat' dir='ltr'><strong>Gloria,</strong></span> <span class='ocrx_word' id='word_1_47' title='bbox 361 1257 394 1306; x_wconf 90' lang='lat' dir='ltr'><strong>et</strong></span> <span class='ocrx_word' id='word_1_48' title='bbox 409 1240 570 1326; x_wconf 75' lang='lat' dir='ltr'><strong>Euganeis</strong></span> <span class='ocrx_word' id='word_1_49' title='bbox 584 1238 740 1306; x_wconf 86' lang='lat' dir='ltr'><strong>dilectum</strong></span> <span class='ocrx_word' id='word_1_50' title='bbox 755 1265 876 1306; x_wconf 85' lang='lat' dir='ltr'><strong>nomen</strong></span> <span class='ocrx_word' id='word_1_51' title='bbox 889 1245 922 1307; x_wconf 89' lang='lat' dir='ltr'><strong>in</strong></span> <span class='ocrx_word' id='word_1_52' title='bbox 936 1243 1012 1308; x_wconf 80' lang='lat' dir='ltr'><strong>orie.</strong></span> 
     </span>
    </p>

    <p class='ocr_par' dir='ltr' id='par_1_9' title="bbox 224 1345 1147 1437">
     <span class='ocr_line' id='line_1_10' title="bbox 224 1345 1147 1437; baseline 0.001 -25"><span class='ocrx_word' id='word_1_53' title='bbox 224 1348 311 1412; x_wconf 89' lang='lat' dir='ltr'><strong>Huic</strong></span> <span class='ocrx_word' id='word_1_54' title='bbox 323 1366 418 1437; x_wconf 89' lang='lat' dir='ltr'><strong>pater</strong></span> <span class='ocrx_word' id='word_1_55' title='bbox 429 1345 606 1424; x_wconf 80' lang='lat' dir='ltr'><strong>Eridanus,</strong></span> <span class='ocrx_word' id='word_1_56' title='bbox 621 1348 824 1437; x_wconf 77' lang='lat' dir='ltr'><strong>Venetaeque</strong></span> <span class='ocrx_word' id='word_1_57' title='bbox 838 1371 876 1412; x_wconf 84' lang='lat' dir='ltr'><strong>ex</strong></span> <span class='ocrx_word' id='word_1_58' title='bbox 890 1346 1006 1413; x_wconf 85' lang='lat' dir='ltr'><strong>ordine</strong></span> <span class='ocrx_word' id='word_1_59' title='bbox 1019 1365 1147 1436; x_wconf 80' lang='lat' dir='ltr'><strong>gentes,</strong></span> 
     </span>
    </p>

    <p class='ocr_par' dir='ltr' id='par_1_10' title="bbox 222 1452 1093 1544">
     <span class='ocr_line' id='line_1_11' title="bbox 222 1452 1093 1544; baseline 0.001 -24"><span class='ocrx_word' id='word_1_60' title='bbox 222 1460 331 1544; x_wconf 84' lang='lat' dir='ltr'><strong>Atque</strong></span> <span class='ocrx_word' id='word_1_61' title='bbox 343 1459 462 1542; x_wconf 81' lang='lat' dir='ltr'><strong>Apono</strong></span> <span class='ocrx_word' id='word_1_62' title='bbox 474 1452 621 1540; x_wconf 76' lang='lat' dir='ltr'><strong>gaudens</strong></span> <span class='ocrx_word' id='word_1_63' title='bbox 636 1453 794 1542; x_wconf 84' lang='lat' dir='ltr'><strong>populna,</strong></span> <span class='ocrx_word' id='word_1_64' title='bbox 808 1477 867 1520; x_wconf 85' lang='lat' dir='ltr'><strong>eeu</strong></span> <span class='ocrx_word' id='word_1_65' title='bbox 879 1453 965 1520; x_wconf 88' lang='lat' dir='ltr'><strong>bella</strong></span> <span class='ocrx_word' id='word_1_66' title='bbox 977 1455 1093 1534; x_wconf 87' lang='lat' dir='ltr'><strong>cieret,</strong></span> 
     </span>
    </p>
   </div>
   <div class='ocr_carea' id='block_1_3' title="bbox 222 1636 1272 2127">
    <p class='ocr_par' dir='ltr' id='par_1_11' title="bbox 222 1636 1272 2127">
     <span class='ocr_line' id='line_1_12' title="bbox 222 1636 1272 1702; baseline -0.009 -15"><span class='ocrx_word' id='word_1_67' title='bbox 222 1640 286 1687; x_wconf 73' lang='lat' dir='ltr'><strong>tubat</strong></span> <span class='ocrx_word' id='word_1_68' title='bbox 299 1637 367 1692; x_wconf 80' lang='lat' dir='ltr'><strong>toevo,</strong></span> <span class='ocrx_word' id='word_1_69' title='bbox 379 1637 442 1700; x_wconf 84' lang='lat' dir='ltr'><strong>quod</strong></span> <span class='ocrx_word' id='word_1_70' title='bbox 454 1639 541 1698; x_wconf 83' lang='lat' dir='ltr'><strong>recepit</strong></span> <span class='ocrx_word' id='word_1_71' title='bbox 551 1638 646 1696; x_wconf 82' lang='lat' dir='ltr'><strong>Leleb.,</strong></span> <span class='ocrx_word' id='word_1_72' title='bbox 657 1638 778 1702; x_wconf 75' lang='lat' dir='ltr'><strong>aclfoedo,</strong></span> <span class='ocrx_word' id='word_1_73' title='bbox 789 1639 825 1686; x_wconf 84' lang='lat' dir='ltr'><strong>vel</strong></span> <span class='ocrx_word' id='word_1_74' title='bbox 836 1656 903 1686; x_wconf 81' lang='lat' dir='ltr'><strong>taeuo.</strong></span> <span class='ocrx_word' id='word_1_75' title='bbox 914 1666 945 1676; x_wconf 91' lang='lat'><em>-</em></span> <span class='ocrx_word' id='word_1_76' title='bbox 956 1655 1007 1686; x_wconf 75' lang='lat' dir='ltr'><strong>ata.</strong></span> <span class='ocrx_word' id='word_1_77' title='bbox 1022 1636 1204 1698; x_wconf 68' lang='lat' dir='ltr'><strong>Polydamanteis</strong></span> <span class='ocrx_word' id='word_1_78' title='bbox 1214 1650 1272 1697; x_wconf 75' lang='lat' dir='ltr'><strong>prae·</strong></span> 
     </span>
     <span class='ocr_line' id='line_1_13' title="bbox 222 1698 1271 1771; baseline -0.006 -16"><span class='ocrx_word' id='word_1_79' title='bbox 222 1723 261 1755; x_wconf 82' lang='lat' dir='ltr'><strong>ter</strong></span> <span class='ocrx_word' id='word_1_80' title='bbox 271 1708 328 1755; x_wconf 73' lang='lat' dir='ltr'><strong>atto·</strong></span> <span class='ocrx_word' id='word_1_81' title='bbox 339 1707 484 1754; x_wconf 67' lang='lat' dir='ltr'><strong>scribendum</strong></span> <span class='ocrx_word' id='word_1_82' title='bbox 493 1709 602 1756; x_wconf 69' lang='lat' dir='ltr'><strong>censebat</strong></span> <span class='ocrx_word' id='word_1_83' title='bbox 612 1711 689 1756; x_wconf 79' lang='lat' dir='ltr'><strong>lleint.</strong></span> <span class='ocrx_word' id='word_1_84' title='bbox 700 1709 730 1755; x_wconf 84' lang='lat' dir='ltr'><strong>nd</strong></span> <span class='ocrx_word' id='word_1_85' title='bbox 739 1711 805 1755; x_wconf 74' lang='lat' dir='ltr'><strong>Ovid.</strong></span> <span class='ocrx_word' id='word_1_86' title='bbox 818 1711 875 1756; x_wconf 83' lang='lat' dir='ltr'><strong>Met.</strong></span> <span class='ocrx_word' id='word_1_87' title='bbox 886 1713 941 1766; x_wconf 82' lang='lat' dir='ltr'><strong>xit,</strong></span> <span class='ocrx_word' id='word_1_88' title='bbox 955 1709 1011 1771; x_wconf 65' lang='grc'>547,</span> <span class='ocrx_word' id='word_1_89' title='bbox 1021 1708 1086 1771; x_wconf 82' lang='lat' dir='ltr'><strong>quod</strong></span> <span class='ocrx_word' id='word_1_90' title='bbox 1097 1711 1119 1753; x_wconf 88' lang='lat' dir='ltr'><strong>in</strong></span> <span class='ocrx_word' id='word_1_91' title='bbox 1129 1698 1271 1764; x_wconf 61' lang='lat' dir='ltr'><strong>flatilem</strong></span> 
     </span>
     <span class='ocr_line' id='line_1_14' title="bbox 223 1775 1271 1844; baseline -0.004 -19"><span class='ocrx_word' id='word_1_92' title='bbox 223 1783 296 1844; x_wconf 83' lang='lat' dir='ltr'><strong>prima</strong></span> <span class='ocrx_word' id='word_1_93' title='bbox 309 1779 452 1837; x_wconf 77' lang='lat' dir='ltr'><strong>corripiatur.</strong></span> <span class='ocrx_word' id='word_1_94' title='bbox 466 1779 511 1822; x_wconf 80' lang='lat' dir='ltr'><strong>Sed</strong></span> <span class='ocrx_word' id='word_1_95' title='bbox 525 1779 585 1824; x_wconf 82' lang='lat' dir='ltr'><strong>idem</strong></span> <span class='ocrx_word' id='word_1_96' title='bbox 598 1793 660 1826; x_wconf 78' lang='lat' dir='ltr'><strong>recte</strong></span> <span class='ocrx_word' id='word_1_97' title='bbox 672 1792 751 1826; x_wconf 85' lang='lat' dir='ltr'><strong>mouet</strong></span> <span class='ocrx_word' id='word_1_98' title='bbox 763 1781 793 1826; x_wconf 86' lang='lat' dir='ltr'><strong>ad</strong></span> <span class='ocrx_word' id='word_1_99' title='bbox 804 1782 870 1828; x_wconf 80' lang='lat' dir='ltr'><strong>ond.</strong></span> <span class='ocrx_word' id='word_1_100' title='bbox 884 1784 955 1844; x_wconf 70' lang='lat' dir='ltr'><strong>Epist.</strong></span> <span class='ocrx_word' id='word_1_101' title='bbox 969 1779 1115 1840; x_wconf 50' lang='grc'><strong>11001394,</strong></span> <span class='ocrx_word' id='word_1_102' title='bbox 1128 1775 1271 1823; x_wconf 73' lang='lat' dir='ltr'><strong>membrana·</strong></span> 
     </span>
     <span class='ocr_line' id='line_1_15' title="bbox 224 1848 1271 1914; baseline -0.001 -18"><span class='ocrx_word' id='word_1_103' title='bbox 224 1865 316 1898; x_wconf 74' lang='lat' dir='ltr'><strong>vetet-et</strong></span> <span class='ocrx_word' id='word_1_104' title='bbox 330 1853 353 1895; x_wconf 90' lang='lat' dir='ltr'><strong>in</strong></span> <span class='ocrx_word' id='word_1_105' title='bbox 368 1848 423 1895; x_wconf 84' lang='lat' dir='ltr'><strong>lucit</strong></span> <span class='ocrx_word' id='word_1_106' title='bbox 435 1849 523 1905; x_wconf 79' lang='lat' dir='ltr'><strong>Ovidii,</strong></span> <span class='ocrx_word' id='word_1_107' title='bbox 540 1849 598 1904; x_wconf 75' lang='lat' dir='ltr'><strong>stin,</strong></span> <span class='ocrx_word' id='word_1_108' title='bbox 611 1853 717 1914; x_wconf 83' lang='lat' dir='ltr'><strong>Propert.</strong></span> <span class='ocrx_word' id='word_1_109' title='bbox 734 1852 780 1906; x_wconf 89' lang='lat' dir='ltr'><strong>lll,</strong></span> <span class='ocrx_word' id='word_1_110' title='bbox 796 1865 817 1906; x_wconf 88' lang='grc'><strong>1,</strong></span> <span class='ocrx_word' id='word_1_111' title='bbox 835 1867 877 1914; x_wconf 83' lang='lat'><strong>²9·</strong></span> <span class='ocrx_word' id='word_1_112' title='bbox 891 1867 913 1898; x_wconf 86' lang='lat' dir='ltr'><strong>et</strong></span> <span class='ocrx_word' id='word_1_113' title='bbox 928 1855 991 1898; x_wconf 72' lang='lat' dir='ltr'><strong>Peru.</strong></span> <span class='ocrx_word' id='word_1_114' title='bbox 1004 1854 1029 1906; x_wconf 88' lang='lat' dir='ltr'><strong>l,</strong></span> <span class='ocrx_word' id='word_1_115' title='bbox 1042 1850 1069 1906; x_wconf 73' lang='grc'><strong>4,</strong></span> <span class='ocrx_word' id='word_1_116' title='bbox 1082 1862 1213 1897; x_wconf 70' lang='lat' dir='ltr'><strong>constanter</strong></span> <span class='ocrx_word' id='word_1_117' title='bbox 1227 1863 1271 1910; x_wconf 78' lang='lat' dir='ltr'><strong>pro</strong></span> 
     </span>
     <span class='ocr_line' id='line_1_16' title="bbox 223 1915 1271 1982; baseline -0.004 -15"><span class='ocrx_word' id='word_1_118' title='bbox 223 1921 315 1982; x_wconf 75' lang='lat' dir='ltr'><strong>vulgata</strong></span> <span class='ocrx_word' id='word_1_119' title='bbox 325 1934 385 1967; x_wconf 80' lang='lat' dir='ltr'><strong>ctare</strong></span> <span class='ocrx_word' id='word_1_120' title='bbox 394 1921 518 1982; x_wconf 75' lang='lat' dir='ltr'><strong>acriptura,</strong></span> <span class='ocrx_word' id='word_1_121' title='bbox 530 1934 553 1967; x_wconf 87' lang='lat' dir='ltr'><strong>et</strong></span> <span class='ocrx_word' id='word_1_122' title='bbox 563 1923 647 1968; x_wconf 72' lang='lat' dir='ltr'><strong>Graecia</strong></span> <span class='ocrx_word' id='word_1_123' title='bbox 660 1937 705 1966; x_wconf 90' lang='lat' dir='ltr'><strong>uon</strong></span> <span class='ocrx_word' id='word_1_124' title='bbox 717 1921 788 1966; x_wconf 89' lang='lat' dir='ltr'><strong>modo</strong></span> <span class='ocrx_word' id='word_1_125' title='bbox 798 1917 942 1982; x_wconf 71' lang='grc' dir='ltr'><strong>Πολῦδὶιμιις</strong></span> <span class='ocrx_word' id='word_1_126' title='bbox 953 1933 975 1968; x_wconf 86' lang='lat' dir='ltr'><strong>ct</strong></span> <span class='ocrx_word' id='word_1_127' title='bbox 986 1923 1037 1966; x_wconf 91' lang='lat' dir='ltr'><strong>lon.</strong></span> <span class='ocrx_word' id='word_1_128' title='bbox 1048 1915 1221 1980; x_wconf 63' lang='grc' dir='ltr'><strong>Πουλῦὰμας,</strong></span> <span class='ocrx_word' id='word_1_129' title='bbox 1231 1916 1271 1963; x_wconf 80' lang='lat' dir='ltr'><strong>ted</strong></span> 
     </span>
     <span class='ocr_line' id='line_1_17' title="bbox 225 1985 1270 2053; baseline -0.005 -13"><span class='ocrx_word' id='word_1_130' title='bbox 225 1995 294 2041; x_wconf 85' lang='lat' dir='ltr'><strong>etiam</strong></span> <span class='ocrx_word' id='word_1_131' title='bbox 307 1992 405 2038; x_wconf 86' lang='lat' dir='ltr'><strong>dialecto</strong></span> <span class='ocrx_word' id='word_1_132' title='bbox 417 1993 473 2036; x_wconf 82' lang='lat' dir='ltr'><strong>Dor.</strong></span> <span class='ocrx_word' id='word_1_133' title='bbox 486 2003 510 2037; x_wconf 85' lang='lat' dir='ltr'><strong>et</strong></span> <span class='ocrx_word' id='word_1_134' title='bbox 522 1991 578 2037; x_wconf 77' lang='lat' dir='ltr'><strong>AEol.</strong></span> <span class='ocrx_word' id='word_1_135' title='bbox 591 1989 741 2050; x_wconf 62' lang='lat' dir='ltr'><strong>Hunilam</strong></span> <span class='ocrx_word' id='word_1_136' title='bbox 753 1993 811 2046; x_wconf 81' lang='lat' dir='ltr'><strong>dici.</strong></span> <span class='ocrx_word' id='word_1_137' title='bbox 823 2005 849 2038; x_wconf 90' lang='lat' dir='ltr'><strong>ut</strong></span> <span class='ocrx_word' id='word_1_138' title='bbox 861 1989 988 2052; x_wconf 73' lang='grc' dir='ltr'><strong>Κοράλλον,</strong></span> <span class='ocrx_word' id='word_1_139' title='bbox 1001 1987 1128 2053; x_wconf 70' lang='lat' dir='ltr'><strong>Koupa‘ttno</strong></span> <span class='ocrx_word' id='word_1_140' title='bbox 1142 2004 1165 2036; x_wconf 86' lang='lat' dir='ltr'><strong>ct</strong></span> <span class='ocrx_word' id='word_1_141' title='bbox 1176 1985 1270 2052; x_wconf 65' lang='lat' dir='ltr'><strong>tupit-</strong></span> 
     </span>
     <span class='ocr_line' id='line_1_18' title="bbox 225 2058 1178 2127; baseline -0.005 -14"><span class='ocrx_word' id='word_1_142' title='bbox 225 2079 272 2114; x_wconf 73' lang='lat' dir='ltr'><strong>nct.</strong></span> <span class='ocrx_word' id='word_1_143' title='bbox 283 2059 421 2125; x_wconf 74' lang='grc' dir='ltr'><strong>Ὄλυμπος,</strong></span> <span class='ocrx_word' id='word_1_144' title='bbox 433 2058 563 2124; x_wconf 67' lang='lat' dir='ltr'><strong>Oineon:</strong></span> <span class='ocrx_word' id='word_1_145' title='bbox 576 2065 671 2127; x_wconf 82' lang='lat' dir='ltr'><strong>aliaquae</strong></span> <span class='ocrx_word' id='word_1_146' title='bbox 683 2063 771 2110; x_wconf 77' lang='lat' dir='ltr'><strong>similia.</strong></span> <span class='ocrx_word' id='word_1_147' title='bbox 785 2063 848 2110; x_wconf 88' lang='lat' dir='ltr'><strong>ldctn</strong></span> <span class='ocrx_word' id='word_1_148' title='bbox 857 2065 906 2127; x_wconf 76' lang='lat' dir='ltr'><strong>jam</strong></span> <span class='ocrx_word' id='word_1_149' title='bbox 919 2063 1077 2111; x_wconf 75' lang='lat' dir='ltr'><strong>anuuatlvertit</strong></span> <span class='ocrx_word' id='word_1_150' title='bbox 1091 2065 1178 2126; x_wconf 71' lang='lat' dir='ltr'><strong>namq.</strong></span> 
     </span>
    </p>
   </div>
   <div class='ocr_carea' id='block_1_4' title="bbox 220 2223 1273 4123">
    <p class='ocr_par' dir='ltr' id='par_1_12' title="bbox 220 2223 1273 4123">
     <span class='ocr_line' id='line_1_19' title="bbox 226 2223 1271 2302; baseline -0.009 -20"><span class='ocrx_word' id='word_1_151' title='bbox 226 2229 271 2301; x_wconf 77' lang='lat' dir='ltr'><strong>gni</strong></span> <span class='ocrx_word' id='word_1_152' title='bbox 284 2231 361 2293; x_wconf 84' lang='lat' dir='ltr'><strong>estis,</strong></span> <span class='ocrx_word' id='word_1_153' title='bbox 378 2228 474 2302; x_wconf 86' lang='lat' dir='ltr'><strong>quibus</strong></span> <span class='ocrx_word' id='word_1_154' title='bbox 488 2249 558 2282; x_wconf 80' lang='lat' dir='ltr'><strong>itanc</strong></span> <span class='ocrx_word' id='word_1_155' title='bbox 574 2247 648 2282; x_wconf 78' lang='lat' dir='ltr'><strong>erma</strong></span> <span class='ocrx_word' id='word_1_156' title='bbox 659 2231 726 2282; x_wconf 86' lang='lat' dir='ltr'><strong>infe·</strong></span> <span class='ocrx_word' id='word_1_157' title='bbox 771 2228 879 2300; x_wconf 75' lang='lat' dir='ltr'><strong>lingitur</strong></span> <span class='ocrx_word' id='word_1_158' title='bbox 897 2248 911 2279; x_wconf 86' lang='lat' dir='ltr'><strong>a</strong></span> <span class='ocrx_word' id='word_1_159' title='bbox 931 2228 1123 2299; x_wconf 79' lang='lat' dir='ltr'><strong>Polydamante</strong></span> <span class='ocrx_word' id='word_1_160' title='bbox 1144 2223 1198 2294; x_wconf 85' lang='lat' dir='ltr'><strong>(tle</strong></span> <span class='ocrx_word' id='word_1_161' title='bbox 1218 2240 1271 2294; x_wconf 87' lang='lat' dir='ltr'><strong>quo</strong></span> 
     </span>
     <span class='ocr_line' id='line_1_20' title="bbox 226 2307 1271 2382; baseline -0.006 -20"><span class='ocrx_word' id='word_1_162' title='bbox 226 2325 267 2362; x_wconf 90' lang='lat' dir='ltr'><strong>rat</strong></span> <span class='ocrx_word' id='word_1_163' title='bbox 285 2311 371 2361; x_wconf 81' lang='lat' dir='ltr'><strong>omnis</strong></span> <span class='ocrx_word' id='word_1_164' title='bbox 388 2307 463 2361; x_wconf 88' lang='lat' dir='ltr'><strong>ltalia</strong></span> <span class='ocrx_word' id='word_1_165' title='bbox 480 2309 604 2382; x_wconf 80' lang='lat' dir='ltr'><strong>deposito</strong></span> <span class='ocrx_word' id='word_1_166' title='bbox 616 2313 725 2375; x_wconf 85' lang='lat' dir='ltr'><strong>timore,</strong></span> <span class='ocrx_word' id='word_1_167' title='bbox 770 2329 795 2361; x_wconf 88' lang='lat' dir='ltr'><strong>v.</strong></span> <span class='ocrx_word' id='word_1_168' title='bbox 810 2313 887 2362; x_wconf 84' lang='lat' dir='ltr'><strong>Hom.</strong></span> <span class='ocrx_word' id='word_1_169' title='bbox 898 2309 973 2362; x_wconf 81' lang='lat' dir='ltr'><strong>iliad.</strong></span> <span class='ocrx_word' id='word_1_170' title='bbox 987 2311 1133 2380; x_wconf 45' lang='grc'><strong>11060011,</strong></span> <span class='ocrx_word' id='word_1_171' title='bbox 1152 2321 1203 2358; x_wconf 78' lang='lat' dir='ltr'><strong>ato</strong></span> <span class='ocrx_word' id='word_1_172' title='bbox 1215 2322 1271 2375; x_wconf 84' lang='lat' dir='ltr'><strong>tq.;</strong></span> 
     </span>
     <span class='ocr_line' id='line_1_21' title="bbox 225 2386 1271 2462; baseline -0.004 -20"><span class='ocrx_word' id='word_1_173' title='bbox 225 2388 727 2462; x_wconf 78' lang='lat' dir='ltr'><strong>quoadhuctorpebattnisimemistis</strong></span> <span class='ocrx_word' id='word_1_174' title='bbox 772 2412 796 2452; x_wconf 82' lang='grc' dir='ltr'><strong>ο,</strong></span> <span class='ocrx_word' id='word_1_175' title='bbox 810 2391 918 2456; x_wconf 71' lang='grc' dir='ltr'><strong>511,ξ,</strong></span> <span class='ocrx_word' id='word_1_176' title='bbox 939 2392 1004 2460; x_wconf 64' lang='grc'>449,</span> <span class='ocrx_word' id='word_1_177' title='bbox 1024 2391 1090 2455; x_wconf 77' lang='grc'><strong>518,</strong></span> <span class='ocrx_word' id='word_1_178' title='bbox 1108 2410 1135 2450; x_wconf 73' lang='lat' dir='ltr'><strong>a,</strong></span> <span class='ocrx_word' id='word_1_179' title='bbox 1156 2386 1219 2444; x_wconf 77' lang='lat'><strong>260,</strong></span> <span class='ocrx_word' id='word_1_180' title='bbox 1237 2401 1271 2447; x_wconf 80' lang='grc' dir='ltr'><strong>χ,</strong></span> 
     </span>
     <span class='ocr_line' id='line_1_22' title="bbox 224 2465 1272 2540; baseline -0.008 -17"><span class='ocrx_word' id='word_1_181' title='bbox 224 2467 312 2523; x_wconf 77' lang='lat' dir='ltr'><strong>estid.</strong></span> <span class='ocrx_word' id='word_1_182' title='bbox 326 2467 371 2539; x_wconf 82' lang='lat' dir='ltr'><strong>qd.</strong></span> <span class='ocrx_word' id='word_1_183' title='bbox 381 2471 504 2540; x_wconf 80' lang='lat' dir='ltr'><strong>parastis,</strong></span> <span class='ocrx_word' id='word_1_184' title='bbox 516 2483 544 2521; x_wconf 92' lang='lat' dir='ltr'><strong>ut</strong></span> <span class='ocrx_word' id='word_1_185' title='bbox 561 2489 652 2522; x_wconf 76' lang='lat' dir='ltr'><strong>tensus</strong></span> <span class='ocrx_word' id='word_1_186' title='bbox 665 2470 692 2522; x_wconf 86' lang='lat' dir='ltr'><strong>h.</strong></span> <span class='ocrx_word' id='word_1_187' title='bbox 705 2469 723 2522; x_wconf 92' lang='grc'><strong>1.</strong></span> <span class='ocrx_word' id='word_1_188' title='bbox 774 2471 841 2540; x_wconf 88' lang='grc'><strong>100)</strong></span> <span class='ocrx_word' id='word_1_189' title='bbox 853 2483 879 2521; x_wconf 83' lang='grc' dir='ltr'><strong>ει</strong></span> <span class='ocrx_word' id='word_1_190' title='bbox 891 2470 1022 2522; x_wconf 79' lang='lat' dir='ltr'><strong>Antenore</strong></span> <span class='ocrx_word' id='word_1_191' title='bbox 1031 2470 1159 2539; x_wconf 69' lang='lat' dir='ltr'><strong>Troiano,</strong></span> <span class='ocrx_word' id='word_1_192' title='bbox 1171 2465 1272 2517; x_wconf 81' lang='lat' dir='ltr'><strong>Patavii</strong></span> 
     </span>
     <span class='ocr_line' id='line_1_23' title="bbox 224 2547 1272 2620; baseline -0.006 -18"><span class='ocrx_word' id='word_1_193' title='bbox 224 2552 272 2602; x_wconf 80' lang='lat' dir='ltr'><strong>sit:</strong></span> <span class='ocrx_word' id='word_1_194' title='bbox 288 2567 353 2602; x_wconf 77' lang='lat' dir='ltr'><strong>sceno</strong></span> <span class='ocrx_word' id='word_1_195' title='bbox 367 2551 499 2616; x_wconf 81' lang='lat' dir='ltr'><strong>Mauorte,</strong></span> <span class='ocrx_word' id='word_1_196' title='bbox 512 2552 634 2604; x_wconf 73' lang='lat' dir='ltr'><strong>aerumnis</strong></span> <span class='ocrx_word' id='word_1_197' title='bbox 648 2550 727 2604; x_wconf 88' lang='lat' dir='ltr'><strong>belli·</strong></span> <span class='ocrx_word' id='word_1_198' title='bbox 771 2549 925 2613; x_wconf 87' lang='lat' dir='ltr'><strong>conditore,</strong></span> <span class='ocrx_word' id='word_1_199' title='bbox 939 2550 972 2602; x_wconf 81' lang='lat' dir='ltr'><strong>tle</strong></span> <span class='ocrx_word' id='word_1_200' title='bbox 983 2569 1036 2616; x_wconf 82' lang='lat' dir='ltr'><strong>quo</strong></span> <span class='ocrx_word' id='word_1_201' title='bbox 1047 2563 1073 2602; x_wconf 87' lang='lat' dir='ltr'><strong>ct</strong></span> <span class='ocrx_word' id='word_1_202' title='bbox 1083 2548 1116 2601; x_wconf 89' lang='lat' dir='ltr'><strong>de</strong></span> <span class='ocrx_word' id='word_1_203' title='bbox 1127 2547 1272 2620; x_wconf 67' lang='lat' dir='ltr'><strong>liuponet&#39;t,¹</strong></span> 
     </span>
     <span class='ocr_line' id='line_1_24' title="bbox 225 2626 1270 2701; baseline -0.009 -18"><span class='ocrx_word' id='word_1_204' title='bbox 225 2632 262 2683; x_wconf 82' lang='lat' dir='ltr'><strong>cis</strong></span> <span class='ocrx_word' id='word_1_205' title='bbox 282 2642 308 2682; x_wconf 87' lang='lat' dir='ltr'><strong>et</strong></span> <span class='ocrx_word' id='word_1_206' title='bbox 327 2631 459 2695; x_wconf 82' lang='lat' dir='ltr'><strong>eruentis,</strong></span> <span class='ocrx_word' id='word_1_207' title='bbox 477 2647 543 2699; x_wconf 84' lang='lat' dir='ltr'><strong>quas</strong></span> <span class='ocrx_word' id='word_1_208' title='bbox 562 2627 595 2682; x_wconf 82' lang='lat' dir='ltr'><strong>tle</strong></span> <span class='ocrx_word' id='word_1_209' title='bbox 617 2631 724 2701; x_wconf 84' lang='lat' dir='ltr'><strong>populis</strong></span> <span class='ocrx_word' id='word_1_210' title='bbox 769 2629 823 2683; x_wconf 87' lang='lat' dir='ltr'><strong>vid.</strong></span> <span class='ocrx_word' id='word_1_211' title='bbox 837 2629 871 2684; x_wconf 84' lang='lat' dir='ltr'><strong>atl</strong></span> <span class='ocrx_word' id='word_1_212' title='bbox 884 2631 957 2696; x_wconf 87' lang='lat' dir='ltr'><strong>vttt,</strong></span> <span class='ocrx_word' id='word_1_213' title='bbox 970 2631 1021 2684; x_wconf 83' lang='lat'><strong>602</strong></span> <span class='ocrx_word' id='word_1_214' title='bbox 1036 2647 1076 2701; x_wconf 82' lang='lat' dir='ltr'><strong>sq.</strong></span> <span class='ocrx_word' id='word_1_215' title='bbox 1091 2626 1270 2697; x_wconf 76' lang='lat' dir='ltr'><strong>Polydaman-</strong></span> 
     </span>
     <span class='ocr_line' id='line_1_25' title="bbox 223 2703 1270 2783; baseline -0.009 -21"><span class='ocrx_word' id='word_1_216' title='bbox 223 2709 305 2762; x_wconf 75' lang='lat' dir='ltr'><strong>ltalia</strong></span> <span class='ocrx_word' id='word_1_217' title='bbox 325 2709 498 2780; x_wconf 80' lang='lat' dir='ltr'><strong>reportastis,</strong></span> <span class='ocrx_word' id='word_1_218' title='bbox 519 2710 637 2763; x_wconf 75' lang='lat' dir='ltr'><strong>victoriis</strong></span> <span class='ocrx_word' id='word_1_219' title='bbox 658 2710 723 2764; x_wconf 86' lang='lat' dir='ltr'><strong>nihil</strong></span> <span class='ocrx_word' id='word_1_220' title='bbox 770 2713 912 2764; x_wconf 73' lang='lat' dir='ltr'><strong>teitautcm</strong></span> <span class='ocrx_word' id='word_1_221' title='bbox 923 2711 1011 2783; x_wconf 80' lang='lat' dir='ltr'><strong>simpl.</strong></span> <span class='ocrx_word' id='word_1_222' title='bbox 1021 2730 1071 2783; x_wconf 92' lang='lat' dir='ltr'><strong>pro</strong></span> <span class='ocrx_word' id='word_1_223' title='bbox 1083 2705 1202 2778; x_wconf 83' lang='lat' dir='ltr'><strong>Trojanis</strong></span> <span class='ocrx_word' id='word_1_224' title='bbox 1214 2703 1270 2755; x_wconf 90' lang='lat' dir='ltr'><strong>dic-</strong></span> 
     </span>
     <span class='ocr_line' id='line_1_26' title="bbox 224 2787 951 2860; baseline 0.001 -18"><span class='ocrx_word' id='word_1_225' title='bbox 224 2787 298 2842; x_wconf 79' lang='lat' dir='ltr'><strong>aliud</strong></span> <span class='ocrx_word' id='word_1_226' title='bbox 308 2791 466 2860; x_wconf 86' lang='lat' dir='ltr'><strong>consequuti</strong></span> <span class='ocrx_word' id='word_1_227' title='bbox 479 2790 555 2852; x_wconf 78' lang='lat' dir='ltr'><strong>estis,</strong></span> <span class='ocrx_word' id='word_1_228' title='bbox 567 2807 647 2860; x_wconf 83' lang='lat' dir='ltr'><strong>quam</strong></span> <span class='ocrx_word' id='word_1_229' title='bbox 657 2803 686 2840; x_wconf 90' lang='lat' dir='ltr'><strong>ut</strong></span> <span class='ocrx_word' id='word_1_230' title='bbox 696 2789 724 2842; x_wconf 83' lang='lat' dir='ltr'><strong>lii</strong></span> <span class='ocrx_word' id='word_1_231' title='bbox 769 2804 825 2844; x_wconf 88' lang='lat' dir='ltr'><strong>tum</strong></span> <span class='ocrx_word' id='word_1_232' title='bbox 837 2791 951 2844; x_wconf 81' lang='lat' dir='ltr'><strong>videtur.</strong></span> 
     </span>
     <span class='ocr_line' id='line_1_27' title="bbox 224 2861 1271 2940; baseline -0.002 -18"><span class='ocrx_word' id='word_1_233' title='bbox 224 2887 316 2922; x_wconf 81' lang='lat' dir='ltr'><strong>umnec</strong></span> <span class='ocrx_word' id='word_1_234' title='bbox 330 2887 400 2920; x_wconf 92' lang='lat' dir='ltr'><strong>nunc</strong></span> <span class='ocrx_word' id='word_1_235' title='bbox 413 2881 485 2922; x_wconf 87' lang='lat' dir='ltr'><strong>metu</strong></span> <span class='ocrx_word' id='word_1_236' title='bbox 496 2871 575 2920; x_wconf 82' lang='lat' dir='ltr'><strong>vacui</strong></span> <span class='ocrx_word' id='word_1_237' title='bbox 592 2886 665 2920; x_wconf 83' lang='lat' dir='ltr'><strong>arina</strong></span> <span class='ocrx_word' id='word_1_238' title='bbox 680 2887 725 2920; x_wconf 78' lang='lat' dir='ltr'><strong>cc·</strong></span> <span class='ocrx_word' id='word_1_239' title='bbox 807 2873 866 2922; x_wconf 66' lang='grc'><strong>013.</strong></span> <span class='ocrx_word' id='word_1_240' title='bbox 884 2871 959 2920; x_wconf 81' lang='lat' dir='ltr'><strong>Bello</strong></span> <span class='ocrx_word' id='word_1_241' title='bbox 976 2869 1107 2940; x_wconf 64' lang='lat' dir='ltr'><strong>agitabat,</strong></span> <span class='ocrx_word' id='word_1_242' title='bbox 1125 2876 1154 2912; x_wconf 88' lang='lat' dir='ltr'><strong>ut</strong></span> <span class='ocrx_word' id='word_1_243' title='bbox 1168 2865 1193 2926; x_wconf 87' lang='lat' dir='ltr'><strong>l,</strong></span> <span class='ocrx_word' id='word_1_244' title='bbox 1205 2861 1271 2926; x_wconf 70' lang='lat'><strong>394.</strong></span> 
     </span>
     <span class='ocr_line' id='line_1_28' title="bbox 221 2943 1273 3020; baseline -0.006 -20"><span class='ocrx_word' id='word_1_245' title='bbox 221 2951 313 3020; x_wconf 81' lang='lat' dir='ltr'><strong>piant,</strong></span> <span class='ocrx_word' id='word_1_246' title='bbox 323 2960 348 2998; x_wconf 88' lang='lat' dir='ltr'><strong>et</strong></span> <span class='ocrx_word' id='word_1_247' title='bbox 356 2965 389 2998; x_wconf 88' lang='lat' dir='ltr'><strong>uc</strong></span> <span class='ocrx_word' id='word_1_248' title='bbox 397 2951 471 3018; x_wconf 79' lang='lat' dir='ltr'><strong>pacit</strong></span> <span class='ocrx_word' id='word_1_249' title='bbox 480 2946 588 3016; x_wconf 83' lang='lat' dir='ltr'><strong>quidem</strong></span> <span class='ocrx_word' id='word_1_250' title='bbox 599 2950 722 3017; x_wconf 68' lang='lat' dir='ltr'><strong>riteque,</strong></span> <span class='ocrx_word' id='word_1_251' title='bbox 768 2962 794 3000; x_wconf 90' lang='lat' dir='ltr'><strong>et</strong></span> <span class='ocrx_word' id='word_1_252' title='bbox 811 2947 850 3012; x_wconf 82' lang='lat' dir='ltr'><strong>X,</strong></span> <span class='ocrx_word' id='word_1_253' title='bbox 867 2948 927 3014; x_wconf 80' lang='lat'><strong>307.</strong></span> <span class='ocrx_word' id='word_1_254' title='bbox 943 2947 1032 2997; x_wconf 83' lang='lat' dir='ltr'><strong>Verba</strong></span> <span class='ocrx_word' id='word_1_255' title='bbox 1048 2943 1147 2997; x_wconf 74' lang='lat' dir='ltr'><strong>semina</strong></span> <span class='ocrx_word' id='word_1_256' title='bbox 1164 2949 1189 2987; x_wconf 61' lang='lat'><strong>01</strong></span> <span class='ocrx_word' id='word_1_257' title='bbox 1202 2947 1273 2985; x_wconf 66' lang='grc' dir='ltr'><strong>ΜΝ</strong></span> 
     </span>
     <span class='ocr_line' id='line_1_29' title="bbox 221 3015 1271 3094; baseline -0.019 -15"><span class='ocrx_word' id='word_1_258' title='bbox 221 3027 321 3080; x_wconf 86' lang='lat' dir='ltr'><strong>nedum</strong></span> <span class='ocrx_word' id='word_1_259' title='bbox 337 3024 402 3075; x_wconf 87' lang='lat' dir='ltr'><strong>belli</strong></span> <span class='ocrx_word' id='word_1_260' title='bbox 419 3025 532 3076; x_wconf 77' lang='lat' dir='ltr'><strong>feliciter</strong></span> <span class='ocrx_word' id='word_1_261' title='bbox 550 3024 722 3092; x_wconf 79' lang='lat' dir='ltr'><strong>perficiendi,</strong></span> <span class='ocrx_word' id='word_1_262' title='bbox 768 3038 794 3077; x_wconf 81' lang='lat' dir='ltr'><strong>et</strong></span> <span class='ocrx_word' id='word_1_263' title='bbox 824 3028 901 3094; x_wconf 77' lang='lat' dir='ltr'><strong>stirpe</strong></span> <span class='ocrx_word' id='word_1_264' title='bbox 928 3024 1064 3092; x_wconf 72' lang='lat' dir='ltr'><strong>languent.</strong></span> <span class='ocrx_word' id='word_1_265' title='bbox 1093 3015 1271 3068; x_wconf 63' lang='lat' dir='ltr'><strong>ltuxttrianter</strong></span> 
     </span>
     <span class='ocr_line' id='line_1_30' title="bbox 222 3093 1269 3176; baseline -0.013 -21"><span class='ocrx_word' id='word_1_266' title='bbox 222 3121 284 3176; x_wconf 69' lang='lat' dir='ltr'><strong>spes</strong></span> <span class='ocrx_word' id='word_1_267' title='bbox 296 3102 373 3152; x_wconf 75' lang='lat' dir='ltr'><strong>vobio</strong></span> <span class='ocrx_word' id='word_1_268' title='bbox 390 3103 493 3172; x_wconf 85' lang='lat' dir='ltr'><strong>reliqua</strong></span> <span class='ocrx_word' id='word_1_269' title='bbox 508 3104 596 3152; x_wconf 78' lang='lat' dir='ltr'><strong>sit-</strong></span> <span class='ocrx_word' id='word_1_270' title='bbox 607 3120 665 3154; x_wconf 78' lang='lat' dir='ltr'><strong>att.</strong></span> <span class='ocrx_word' id='word_1_271' title='bbox 682 3105 724 3155; x_wconf 80' lang='lat' dir='ltr'><strong>ob-</strong></span> <span class='ocrx_word' id='word_1_272' title='bbox 769 3105 849 3156; x_wconf 83' lang='lat' dir='ltr'><strong>etiam</strong></span> <span class='ocrx_word' id='word_1_273' title='bbox 867 3103 994 3152; x_wconf 80' lang='lat' dir='ltr'><strong>Patavina</strong></span> <span class='ocrx_word' id='word_1_274' title='bbox 1011 3099 1084 3168; x_wconf 70' lang='lat' dir='ltr'><strong>regio</strong></span> <span class='ocrx_word' id='word_1_275' title='bbox 1102 3093 1269 3164; x_wconf 74' lang='lat' dir='ltr'><strong>designatur,</strong></span> 
     </span>
     <span class='ocr_line' id='line_1_31' title="bbox 221 3170 1270 3253; baseline -0.015 -16"><span class='ocrx_word' id='word_1_276' title='bbox 221 3179 725 3253; x_wconf 68' lang='lat' dir='ltr'><strong>structos,tumultubellicovelclango-</strong></span> <span class='ocrx_word' id='word_1_277' title='bbox 769 3179 921 3232; x_wconf 78' lang='lat' dir='ltr'><strong>memoratis</strong></span> <span class='ocrx_word' id='word_1_278' title='bbox 946 3179 1063 3248; x_wconf 87' lang='lat' dir='ltr'><strong>quinque</strong></span> <span class='ocrx_word' id='word_1_279' title='bbox 1090 3170 1215 3245; x_wconf 67' lang='lat' dir='ltr'><strong>gentibus</strong></span> <span class='ocrx_word' id='word_1_280' title='bbox 1238 3188 1270 3222; x_wconf 84' lang='lat' dir='ltr'><strong>ac</strong></span> 
     </span>
     <span class='ocr_line' id='line_1_32' title="bbox 221 3259 864 3331; baseline -0.005 -18"><span class='ocrx_word' id='word_1_281' title='bbox 221 3283 250 3315; x_wconf 82' lang='lat' dir='ltr'><strong>rc</strong></span> <span class='ocrx_word' id='word_1_282' title='bbox 261 3261 398 3321; x_wconf 66' lang='lat' dir='ltr'><strong>tubarum</strong></span> <span class='ocrx_word' id='word_1_283' title='bbox 411 3273 435 3311; x_wconf 84' lang='lat' dir='ltr'><strong>et</strong></span> <span class='ocrx_word' id='word_1_284' title='bbox 445 3277 537 3325; x_wconf 71' lang='lat' dir='ltr'><strong>tovos,</strong></span> <span class='ocrx_word' id='word_1_285' title='bbox 549 3277 609 3331; x_wconf 82' lang='lat' dir='ltr'><strong>curn</strong></span> <span class='ocrx_word' id='word_1_286' title='bbox 620 3277 724 3312; x_wconf 76' lang='lat' dir='ltr'><strong>turnino</strong></span> <span class='ocrx_word' id='word_1_287' title='bbox 769 3259 864 3311; x_wconf 83' lang='lat' dir='ltr'><strong>fluviis.</strong></span> 
     </span>
     <span class='ocr_line' id='line_1_33' title="bbox 220 3333 1269 3398; baseline -0.01 -4"><span class='ocrx_word' id='word_1_288' title='bbox 220 3343 282 3394; x_wconf 79' lang='lat' dir='ltr'><strong>nitu</strong></span> <span class='ocrx_word' id='word_1_289' title='bbox 296 3353 320 3392; x_wconf 85' lang='lat' dir='ltr'><strong>et</strong></span> <span class='ocrx_word' id='word_1_290' title='bbox 332 3341 502 3392; x_wconf 84' lang='lat' dir='ltr'><strong>contentione</strong></span> <span class='ocrx_word' id='word_1_291' title='bbox 514 3337 643 3398; x_wconf 65' lang='lat' dir='ltr'><strong>alamann</strong></span> <span class='ocrx_word' id='word_1_292' title='bbox 660 3340 722 3390; x_wconf 80' lang='lat' dir='ltr'><strong>Ero.</strong></span> <span class='ocrx_word' id='word_1_293' title='bbox 805 3335 940 3390; x_wconf 63' lang='grc' dir='ltr'><strong>0161110νὶ</strong></span> <span class='ocrx_word' id='word_1_294' title='bbox 952 3335 1077 3386; x_wconf 85' lang='lat' dir='ltr'><strong>dicuntur</strong></span> <span class='ocrx_word' id='word_1_295' title='bbox 1088 3333 1160 3386; x_wconf 82' lang='lat' dir='ltr'><strong>fluvii</strong></span> <span class='ocrx_word' id='word_1_296' title='bbox 1174 3345 1198 3385; x_wconf 87' lang='lat' dir='ltr'><strong>ct</strong></span> <span class='ocrx_word' id='word_1_297' title='bbox 1210 3334 1269 3384; x_wconf 85' lang='lat' dir='ltr'><strong>lon·</strong></span> 
     </span>
     <span class='ocr_line' id='line_1_34' title="bbox 259 3412 1269 3488; baseline -0.008 -18"><span class='ocrx_word' id='word_1_298' title='bbox 259 3436 319 3470; x_wconf 74' lang='lat'><strong>212.</strong></span> <span class='ocrx_word' id='word_1_299' title='bbox 338 3415 506 3488; x_wconf 75' lang='lat' dir='ltr'><strong>Eptsodium,</strong></span> <span class='ocrx_word' id='word_1_300' title='bbox 526 3416 608 3467; x_wconf 87' lang='lat' dir='ltr'><strong>nimia</strong></span> <span class='ocrx_word' id='word_1_301' title='bbox 625 3416 724 3469; x_wconf 81' lang='lat' dir='ltr'><strong>verbo·</strong></span> <span class='ocrx_word' id='word_1_302' title='bbox 767 3431 807 3469; x_wconf 77' lang='lat' dir='ltr'><strong>tes</strong></span> <span class='ocrx_word' id='word_1_303' title='bbox 817 3415 853 3467; x_wconf 90' lang='lat' dir='ltr'><strong>ob</strong></span> <span class='ocrx_word' id='word_1_304' title='bbox 864 3417 988 3480; x_wconf 85' lang='lat' dir='ltr'><strong>numina,</strong></span> <span class='ocrx_word' id='word_1_305' title='bbox 999 3433 1057 3485; x_wconf 73' lang='lat' dir='ltr'><strong>quo</strong></span> <span class='ocrx_word' id='word_1_306' title='bbox 1066 3417 1093 3466; x_wconf 91' lang='lat' dir='ltr'><strong>in</strong></span> <span class='ocrx_word' id='word_1_307' title='bbox 1104 3417 1136 3467; x_wconf 83' lang='lat' dir='ltr'><strong>iis</strong></span> <span class='ocrx_word' id='word_1_308' title='bbox 1146 3412 1269 3466; x_wconf 83' lang='lat' dir='ltr'><strong>hahitare</strong></span> 
     </span>
     <span class='ocr_line' id='line_1_35' title="bbox 221 3491 1271 3568; baseline -0.005 -20"><span class='ocrx_word' id='word_1_309' title='bbox 221 3515 281 3548; x_wconf 87' lang='lat' dir='ltr'><strong>rum</strong></span> <span class='ocrx_word' id='word_1_310' title='bbox 298 3499 419 3550; x_wconf 84' lang='lat' dir='ltr'><strong>ubertate</strong></span> <span class='ocrx_word' id='word_1_311' title='bbox 438 3497 536 3568; x_wconf 82' lang='lat' dir='ltr'><strong>passim</strong></span> <span class='ocrx_word' id='word_1_312' title='bbox 550 3513 721 3564; x_wconf 74' lang='lat' dir='ltr'><strong>expressum,</strong></span> <span class='ocrx_word' id='word_1_313' title='bbox 767 3491 1271 3566; x_wconf 62' lang='grc' dir='ltr'><strong>[1011630101Μά-811111111οω.οἆῦοί-</strong></span> 
     </span>
     <span class='ocr_line' id='line_1_36' title="bbox 222 3572 1270 3648; baseline -0.007 -19"><span class='ocrx_word' id='word_1_314' title='bbox 222 3590 261 3640; x_wconf 78' lang='grc' dir='ltr'><strong>ει,</strong></span> <span class='ocrx_word' id='word_1_315' title='bbox 275 3591 303 3638; x_wconf 87' lang='lat' dir='ltr'><strong>ut</strong></span> <span class='ocrx_word' id='word_1_316' title='bbox 314 3577 409 3629; x_wconf 80' lang='lat' dir='ltr'><strong>similia</strong></span> <span class='ocrx_word' id='word_1_317' title='bbox 427 3577 485 3630; x_wconf 81' lang='lat' dir='ltr'><strong>aliis</strong></span> <span class='ocrx_word' id='word_1_318' title='bbox 496 3573 579 3642; x_wconf 77' lang='lat' dir='ltr'><strong>lucis,</strong></span> <span class='ocrx_word' id='word_1_319' title='bbox 594 3577 722 3628; x_wconf 82' lang='lat' dir='ltr'><strong>intextum</strong></span> <span class='ocrx_word' id='word_1_320' title='bbox 767 3575 822 3628; x_wconf 84' lang='lat' dir='ltr'><strong>lim.</strong></span> <span class='ocrx_word' id='word_1_321' title='bbox 837 3576 869 3628; x_wconf 81' lang='lat' dir='ltr'><strong>li.</strong></span> <span class='ocrx_word' id='word_1_322' title='bbox 881 3577 907 3626; x_wconf 90' lang='lat' dir='ltr'><strong>in</strong></span> <span class='ocrx_word' id='word_1_323' title='bbox 918 3575 1006 3648; x_wconf 80' lang='lat' dir='ltr'><strong>Apoll.</strong></span> <span class='ocrx_word' id='word_1_324' title='bbox 1019 3594 1043 3626; x_wconf 82' lang='lat' dir='ltr'><strong>v.</strong></span> <span class='ocrx_word' id='word_1_325' title='bbox 1061 3592 1162 3628; x_wconf 81' lang='lat' dir='ltr'><strong>tta.--</strong></span> <span class='ocrx_word' id='word_1_326' title='bbox 1174 3574 1213 3624; x_wconf 83' lang='lat' dir='ltr'><strong>De</strong></span> <span class='ocrx_word' id='word_1_327' title='bbox 1223 3572 1270 3623; x_wconf 87' lang='lat' dir='ltr'><strong>Ti·</strong></span> 
     </span>
     <span class='ocr_line' id='line_1_37' title="bbox 221 3650 1267 3728; baseline -0.007 -20"><span class='ocrx_word' id='word_1_328' title='bbox 221 3655 295 3708; x_wconf 78' lang='lat' dir='ltr'><strong>haud</strong></span> <span class='ocrx_word' id='word_1_329' title='bbox 315 3655 396 3708; x_wconf 85' lang='lat' dir='ltr'><strong>dubie</strong></span> <span class='ocrx_word' id='word_1_330' title='bbox 417 3674 432 3706; x_wconf 86' lang='lat' dir='ltr'><strong>a</strong></span> <span class='ocrx_word' id='word_1_331' title='bbox 454 3668 534 3726; x_wconf 84' lang='lat' dir='ltr'><strong>pocta</strong></span> <span class='ocrx_word' id='word_1_332' title='bbox 553 3658 580 3706; x_wconf 88' lang='lat' dir='ltr'><strong>iu</strong></span> <span class='ocrx_word' id='word_1_333' title='bbox 609 3656 722 3728; x_wconf 73' lang='lat' dir='ltr'><strong>gratiam</strong></span> <span class='ocrx_word' id='word_1_334' title='bbox 766 3650 1267 3722; x_wconf 80' lang='lat' dir='ltr'><strong>movo,ll.l’atavioetAntenorc,vid.</strong></span> 
     </span>
     <span class='ocr_line' id='line_1_38' title="bbox 222 3727 1269 3808; baseline -0.007 -22"><span class='ocrx_word' id='word_1_335' title='bbox 222 3734 300 3786; x_wconf 82' lang='lat' dir='ltr'><strong>amici</strong></span> <span class='ocrx_word' id='word_1_336' title='bbox 316 3735 370 3799; x_wconf 78' lang='lat' dir='ltr'><strong>aui,</strong></span> <span class='ocrx_word' id='word_1_337' title='bbox 390 3734 418 3803; x_wconf 88' lang='lat' dir='ltr'><strong>Q.</strong></span> <span class='ocrx_word' id='word_1_338' title='bbox 430 3735 536 3788; x_wconf 81' lang='lat' dir='ltr'><strong>Asconii</strong></span> <span class='ocrx_word' id='word_1_339' title='bbox 548 3735 660 3788; x_wconf 81' lang='lat' dir='ltr'><strong>Pediani</strong></span> <span class='ocrx_word' id='word_1_340' title='bbox 673 3737 722 3788; x_wconf 89' lang='lat' dir='ltr'><strong>Pa·</strong></span> <span class='ocrx_word' id='word_1_341' title='bbox 767 3737 857 3808; x_wconf 73' lang='lat' dir='ltr'><strong>Heync</strong></span> <span class='ocrx_word' id='word_1_342' title='bbox 869 3736 930 3786; x_wconf 72' lang='lat' dir='ltr'><strong>Eae.</strong></span> <span class='ocrx_word' id='word_1_343' title='bbox 945 3735 991 3786; x_wconf 88' lang='lat' dir='ltr'><strong>Vll</strong></span> <span class='ocrx_word' id='word_1_344' title='bbox 1008 3734 1042 3786; x_wconf 83' lang='lat' dir='ltr'><strong>ad</strong></span> <span class='ocrx_word' id='word_1_345' title='bbox 1053 3733 1146 3806; x_wconf 74' lang='lat' dir='ltr'><strong>virgil.</strong></span> <span class='ocrx_word' id='word_1_346' title='bbox 1166 3727 1269 3783; x_wconf 81' lang='lat' dir='ltr'><strong>AEneid.</strong></span> 
     </span>
     <span class='ocr_line' id='line_1_39' title="bbox 221 3815 867 3884; baseline 0.002 -19"><span class='ocrx_word' id='word_1_347' title='bbox 221 3815 319 3880; x_wconf 80' lang='lat' dir='ltr'><strong>tarini,</strong></span> <span class='ocrx_word' id='word_1_348' title='bbox 331 3817 405 3884; x_wconf 73' lang='lat' dir='ltr'><strong>cujus</strong></span> <span class='ocrx_word' id='word_1_349' title='bbox 424 3817 524 3884; x_wconf 80' lang='lat' dir='ltr'><strong>patria,</strong></span> <span class='ocrx_word' id='word_1_350' title='bbox 540 3833 627 3868; x_wconf 84' lang='lat' dir='ltr'><strong>moret</strong></span> <span class='ocrx_word' id='word_1_351' title='bbox 640 3830 667 3868; x_wconf 89' lang='lat' dir='ltr'><strong>et</strong></span> <span class='ocrx_word' id='word_1_352' title='bbox 679 3820 721 3868; x_wconf 89' lang='lat' dir='ltr'><strong>in·</strong></span> <span class='ocrx_word' id='word_1_353' title='bbox 767 3817 793 3880; x_wconf 85' lang='lat' dir='ltr'><strong>l,</strong></span> <span class='ocrx_word' id='word_1_354' title='bbox 809 3815 867 3882; x_wconf 69' lang='grc'><strong>044.</strong></span> 
     </span>
     <span class='ocr_line' id='line_1_40' title="bbox 220 3885 1269 3968; baseline -0.01 -20"><span class='ocrx_word' id='word_1_355' title='bbox 220 3895 328 3968; x_wconf 68' lang='lat' dir='ltr'><strong>genium</strong></span> <span class='ocrx_word' id='word_1_356' title='bbox 341 3894 543 3948; x_wconf 81' lang='lat' dir='ltr'><strong>adumbrantur.</strong></span> <span class='ocrx_word' id='word_1_357' title='bbox 553 3897 594 3949; x_wconf 82' lang='lat' dir='ltr'><strong>Cl.</strong></span> <span class='ocrx_word' id='word_1_358' title='bbox 606 3897 723 3950; x_wconf 79' lang='lat' dir='ltr'><strong>Fabricii</strong></span> <span class='ocrx_word' id='word_1_359' title='bbox 805 3911 864 3964; x_wconf 81' lang='lat'><strong>217.</strong></span> <span class='ocrx_word' id='word_1_360' title='bbox 875 3907 952 3966; x_wconf 78' lang='lat' dir='ltr'><strong>pater</strong></span> <span class='ocrx_word' id='word_1_361' title='bbox 959 3893 1090 3946; x_wconf 74' lang='lat' dir='ltr'><strong>Eridanus</strong></span> <span class='ocrx_word' id='word_1_362' title='bbox 1096 3915 1105 3952; x_wconf 82' lang='lat'><strong>,-</strong></span> <span class='ocrx_word' id='word_1_363' title='bbox 1120 3889 1174 3941; x_wconf 84' lang='lat' dir='ltr'><strong>vid.</strong></span> <span class='ocrx_word' id='word_1_364' title='bbox 1193 3885 1228 3940; x_wconf 83' lang='lat' dir='ltr'><strong>ad</strong></span> <span class='ocrx_word' id='word_1_365' title='bbox 1242 3888 1254 3938; x_wconf 95' lang='lat' dir='ltr'><strong>l</strong></span> <span class='ocrx_word' id='word_1_366' title='bbox 1261 3925 1269 3954; x_wconf 87' lang='lat'><strong>,</strong></span> 
     </span>
     <span class='ocr_line' id='line_1_41' title="bbox 221 3969 1270 4048; baseline -0.009 -21"><span class='ocrx_word' id='word_1_367' title='bbox 221 3973 345 4027; x_wconf 83' lang='lat' dir='ltr'><strong>Biblioth.</strong></span> <span class='ocrx_word' id='word_1_368' title='bbox 360 3972 406 4025; x_wconf 89' lang='lat' dir='ltr'><strong>lat.</strong></span> <span class='ocrx_word' id='word_1_369' title='bbox 422 3975 450 4024; x_wconf 80' lang='lat'><strong>1..</strong></span> <span class='ocrx_word' id='word_1_370' title='bbox 470 3975 507 4039; x_wconf 86' lang='lat' dir='ltr'><strong>ll,</strong></span> <span class='ocrx_word' id='word_1_371' title='bbox 521 3994 544 4025; x_wconf 89' lang='lat' dir='ltr'><strong>c.</strong></span> <span class='ocrx_word' id='word_1_372' title='bbox 557 3975 587 4040; x_wconf 84' lang='lat'><strong>6,</strong></span> <span class='ocrx_word' id='word_1_373' title='bbox 597 3976 628 4026; x_wconf 90' lang='lat' dir='ltr'><strong>T.</strong></span> <span class='ocrx_word' id='word_1_374' title='bbox 643 3977 681 4040; x_wconf 84' lang='lat' dir='ltr'><strong>ll,</strong></span> <span class='ocrx_word' id='word_1_375' title='bbox 694 3995 721 4048; x_wconf 84' lang='lat' dir='ltr'><strong>p.</strong></span> <span class='ocrx_word' id='word_1_376' title='bbox 767 3973 827 4034; x_wconf 86' lang='grc'><strong>606.</strong></span> <span class='ocrx_word' id='word_1_377' title='bbox 840 4004 873 4014; x_wconf 99' lang='grc'>-</span> <span class='ocrx_word' id='word_1_378' title='bbox 884 3973 992 4046; x_wconf 76' lang='lat' dir='ltr'><strong>Aponus</strong></span> <span class='ocrx_word' id='word_1_379' title='bbox 1009 3974 1069 4023; x_wconf 81' lang='lat' dir='ltr'><strong>lonc</strong></span> <span class='ocrx_word' id='word_1_380' title='bbox 1086 3987 1171 4040; x_wconf 86' lang='lat' dir='ltr'><strong>prope</strong></span> <span class='ocrx_word' id='word_1_381' title='bbox 1190 3969 1270 4019; x_wconf 77' lang='lat' dir='ltr'><strong>Peta-</strong></span> 
     </span>
     <span class='ocr_line' id='line_1_42' title="bbox 221 4045 1267 4123; baseline -0.011 -16"><span class='ocrx_word' id='word_1_382' title='bbox 221 4055 270 4122; x_wconf 81' lang='lat'><strong>65,</strong></span> <span class='ocrx_word' id='word_1_383' title='bbox 281 4052 323 4106; x_wconf 85' lang='lat' dir='ltr'><strong>etl.</strong></span> <span class='ocrx_word' id='word_1_384' title='bbox 333 4055 395 4106; x_wconf 84' lang='lat' dir='ltr'><strong>Ern.</strong></span> <span class='ocrx_word' id='word_1_385' title='bbox 405 4055 515 4106; x_wconf 78' lang='lat' dir='ltr'><strong>etVott.</strong></span> <span class='ocrx_word' id='word_1_386' title='bbox 526 4053 559 4106; x_wconf 83' lang='lat' dir='ltr'><strong>dc</strong></span> <span class='ocrx_word' id='word_1_387' title='bbox 569 4053 663 4106; x_wconf 84' lang='lat' dir='ltr'><strong>histor.</strong></span> <span class='ocrx_word' id='word_1_388' title='bbox 676 4056 721 4108; x_wconf 83' lang='lat' dir='ltr'><strong>lat.</strong></span> <span class='ocrx_word' id='word_1_389' title='bbox 767 4055 853 4119; x_wconf 82' lang='lat' dir='ltr'><strong>vium,</strong></span> <span class='ocrx_word' id='word_1_390' title='bbox 866 4051 900 4104; x_wconf 89' lang='lat' dir='ltr'><strong>de</strong></span> <span class='ocrx_word' id='word_1_391' title='bbox 913 4069 966 4123; x_wconf 85' lang='lat' dir='ltr'><strong>quo</strong></span> <span class='ocrx_word' id='word_1_392' title='bbox 981 4069 1006 4100; x_wconf 88' lang='grc' dir='ltr'><strong>ν.</strong></span> <span class='ocrx_word' id='word_1_393' title='bbox 1021 4049 1131 4100; x_wconf 83' lang='lat' dir='ltr'><strong>Sueten.</strong></span> <span class='ocrx_word' id='word_1_394' title='bbox 1143 4045 1202 4098; x_wconf 88' lang='lat' dir='ltr'><strong>Tib.</strong></span> <span class='ocrx_word' id='word_1_395' title='bbox 1222 4045 1267 4112; x_wconf 75' lang='grc'><strong>14;</strong></span> 
     </span>
    </p>
   </div>
   <div class='ocr_carea' id='block_1_5' title="bbox 222 4123 1268 4212">
    <p class='ocr_par' dir='ltr' id='par_1_13' title="bbox 222 4123 1268 4212">
     <span class='ocr_line' id='line_1_43' title="bbox 222 4123 1268 4212; baseline -0.019 -19"><span class='ocrx_word' id='word_1_396' title='bbox 222 4157 283 4212; x_wconf 71' lang='lat' dir='ltr'><strong>pag.</strong></span> <span class='ocrx_word' id='word_1_397' title='bbox 302 4138 360 4207; x_wconf 66' lang='grc'>143.</span> <span class='ocrx_word' id='word_1_398' title='bbox 375 4137 506 4192; x_wconf 77' lang='lat' dir='ltr'><strong>Pedianus</strong></span> <span class='ocrx_word' id='word_1_399' title='bbox 520 4133 721 4206; x_wconf 72' lang='lat' dir='ltr'><strong>gennaduxitte</strong></span> <span class='ocrx_word' id='word_1_400' title='bbox 767 4133 919 4188; x_wconf 76' lang='lat' dir='ltr'><strong>Cmiodor.</strong></span> <span class='ocrx_word' id='word_1_401' title='bbox 942 4133 982 4196; x_wconf 92' lang='lat' dir='ltr'><strong>ll,</strong></span> <span class='ocrx_word' id='word_1_402' title='bbox 1005 4129 1055 4199; x_wconf 82' lang='lat'><strong>39,</strong></span> <span class='ocrx_word' id='word_1_403' title='bbox 1080 4141 1106 4182; x_wconf 86' lang='lat' dir='ltr'><strong>ct</strong></span> <span class='ocrx_word' id='word_1_404' title='bbox 1128 4123 1268 4180; x_wconf 62' lang='lat' dir='ltr'><strong>(tendito.</strong></span> 
     </span>
    </p>
   </div>
   <div class='ocr_carea' id='block_1_6' title="bbox 0 0 1482 4670">
    <p class='ocr_par' dir='ltr' id='par_1_14' title="bbox 0 0 1482 4670">
     <span class='ocr_line' id='line_1_44' title="bbox 0 0 1482 4670; baseline 0 0"><span class='ocrx_word' id='word_1_405' title='bbox 0 0 1482 4670; x_wconf 95' lang='lat' dir='ltr'><strong> </strong></span> 
     </span>
    </p>
   </div>
  </div>
 </body>
</html>
