2930 4644
335 327 398 390 DE
421 322 539 390 SlLll
562 321 678 386 virs
701 319 763 383 ET
787 319 1018 385 CARMlNE.
1136 327 1199 404 415

159 483 229 527 rum
238 469 364 527 veritate
375 479 405 526 et
416 465 533 524 lumine
542 463 659 524 forensi
672 461 712 520 ad
724 458 899 520 scholarum
910 464 1204 546 gymnasiorumque

158 557 302 616 umbram
318 569 349 616 et
366 553 509 614 fictarum
525 571 688 613 causarum
708 548 872 610 simulacra
894 549 1031 610 uadncta
1053 553 1204 634 paulatim

158 643 354 724 degeneravit
364 659 456 724 atque
468 643 606 722 elanguit
617 643 693 700 vitio
705 637 866 700 rhetorum
878 651 906 699 et
917 638 1136 721 sophistarum,
1150 645 1205 726 qui

159 753 253 792 omne
266 733 450 813 eloquentia
465 730 602 792 studium
616 730 654 789 ad
670 729 906 789 ostentationem
923 730 1080 808 quandam
1093 733 1206 793 doctri-

160 842 208 882 nae
227 836 257 880 et
274 823 347 882 artis
365 819 593 882 affectationem
611 817 797 880 conferrent.
819 814 908 900 Apud
929 819 1084 881 Romanos
1103 838 1205 884 autern

158 910 288 970 eandem
303 923 372 993 post
387 911 542 974 Ciceronis
556 923 676 970 auum
691 908 875 988 eloquentiae
891 921 1005 968 sortem
1020 908 1125 986 fuisse,
1137 916 1206 994 quis

161 998 201 1056 ita
217 1019 328 1080 parum
338 999 445 1061 doctus
459 1011 517 1073 est,
529 1011 565 1058 ut
578 995 719 1078 ignoret?
732 998 814 1056 Hinc
828 997 932 1077 itaque
946 997 1126 1058 Graecorum
1140 1004 1208 1081 qui·

160 1087 230 1148 dem
250 1095 365 1169 paitrau,
386 1091 534 1164 ι’πιδιίξιις,
557 1090 773 1148 Romanorum
794 1106 868 1146 vero
889 1085 1115 1149 declamationes
1134 1105 1209 1154 ortae

161 1190 246 1252 sunt,
263 1179 444 1254 subtilitate,
462 1180 620 1252 acumine,
643 1179 831 1258 quaesitaque
847 1176 982 1257 quadam
998 1179 1148 1260 elegantia
1165 1205 1210 1242 re-

160 1267 259 1343 fertae,
281 1284 313 1329 at
330 1269 443 1330 robore
462 1283 492 1328 et
511 1270 613 1328 nervis
632 1267 795 1340 destituta,
814 1285 912 1348 eoque
927 1269 1106 1330 remotiores
1122 1293 1140 1330 a
1158 1293 1211 1332 na-

160 1370 237 1418 turae
250 1358 480 1440 pulchritudine
490 1371 521 1416 et
533 1359 674 1431 veritate,
687 1375 750 1436 quo
764 1372 864 1416 essem
874 1356 914 1415 al>
928 1369 993 1417 arte
1007 1357 1213 1425 luxuriantius

163 1446 326 1506 instructae.
340 1447 377 1506 ln
392 1467 424 1506 re
438 1447 558 1528 poetica
571 1446 787 1504 Romanorum
801 1445 895 1522 (narn
909 1441 1008 1504 dehis
1022 1447 1112 1509 nohis
1129 1469 1214 1511 nunc

161 1534 358 1612 potissimum
379 1553 481 1594 sermo
499 1533 562 1610 est)
581 1531 657 1614 quid
677 1530 776 1590 simile
794 1530 950 1606 acciderit,
975 1537 1079 1613 paucis
1101 1539 1214 1616 poterit

163 1621 378 1684 demonstrari.
403 1621 587 1682 Felicissime
609 1641 734 1704 poeseos
755 1622 872 1680 Latina
890 1633 976 1695 aetas,
998 1643 1063 1684 non
1080 1623 1212 1685 dubium

164 1723 224 1786 est,
246 1713 323 1792 quin
340 1709 431 1772 fuerit
446 1713 569 1772 Horatii
585 1725 615 1770 et
631 1709 753 1792 Virgilii
769 1709 959 1791 temporibus
977 1716 1151 1776 terminata.
1173 1719 1214 1779 111

164 1801 264 1872 enim,
284 1812 313 1858 et
329 1801 508 1880 quicunque
523 1811 595 1858 ante
614 1817 666 1857 eos
687 1811 784 1879 poetae
800 1797 942 1857 celebrati
963 1813 1052 1874 sunt,
1073 1807 1214 1882 quamvis

166 1891 281 1971 ingenii
296 1888 440 1949 felicitate
453 1891 533 1948 inter
546 1908 577 1947 se
591 1886 716 1962 diversi,
730 1902 834 1947 tamen
849 1887 926 1949 illud
938 1910 1046 1950 omnes
1060 1889 1215 1956 habebant

165 1980 322 2060 praecipui,
335 1977 541 2058 quodquam
554 1975 646 2056 primi
655 1976 836 2035 Graecorum
848 1989 947 2035 artem
959 1978 1133 2039 universam
1147 2003 1216 2063 poe·

164 2068 256 2127 ticam
272 2082 302 2124 et
318 2077 446 2126 ornatus
463 2063 560 2122 latino
577 2081 720 2122 sermone
735 2063 951 2142 exprimerent,
969 2084 1034 2123 non
1052 2066 1152 2127 solum
1171 2073 1214 2130 rei

164 2157 301 2216 novitate
317 2154 488 2236 placerent,
509 2151 607 2212 sedet
625 2149 718 2210 alieni
734 2151 774 2210 ab
790 2150 995 2212 emulationis
1016 2156 1215 2238 canendique

163 2245 309 2319 libidine,
328 2257 445 2304 rectum
466 2241 581 2322 ubique
600 2239 753 2322 judicium
773 2236 988 2320 sequerentur,
1009 2259 1039 2303 et
1061 2249 1134 2306 artis
1153 2248 1213 2308 ele·

164 2333 264 2414 gantis
283 2331 367 2416 apud
387 2333 514 2399 Latinos
534 2328 672 2410 exempla
691 2329 860 2388 existerent.
880 2331 954 2389 Post
972 2330 1058 2390 illam
1076 2347 1212 2412 aetatem,

163 2421 259 2480 veluti
280 2442 337 2480 usu
359 2419 489 2500 pristino
512 2416 633 2476 adtritis
652 2417 851 2496 ingeniorum
871 2417 1002 2494 viribus,
1024 2435 1053 2480 et
1075 2421 1214 2484 lontibus

166 2508 370 2587 exquisitioris
388 2507 476 2579 artis,
495 2503 581 2586 cujus
602 2503 739 2584 exempla
762 2504 859 2564 Graeci
884 2508 1081 2586 praeiverant,
1106 2512 1147 2570 ita
1168 2533 1215 2572 ex·

168 2595 299 2668 haustis,
317 2607 350 2654 ut
365 2607 474 2676 praeter
487 2591 691 2652 variationem
707 2605 835 2652 ornatus
851 2594 974 2669 veteris,
991 2609 1021 2655 et
1037 2599 1217 2661 imitationis

169 2685 343 2745 domesticae
367 2702 473 2741 curam
496 2700 593 2762 prope
616 2678 695 2740 nihil
719 2679 960 2761 relinqueretur,
987 2686 1149 2747 inductum
1176 2704 1220 2750 est

170 2772 330 2855 quoddam
343 2771 535 2831 luxuriosum
552 2789 677 2850 poeseos
691 2789 803 2850 genus,
818 2771 850 2828 in
863 2791 927 2850 quo
940 2785 1028 2832 tanto
1043 2774 1111 2856 plus
1126 2799 1219 2838 aemu-

170 2865 246 2924 latio
256 2876 349 2942 atque
360 2860 477 2924 externi
486 2858 657 2940 splendoris
670 2857 831 2919 adfectatio
842 2860 976 2936 valebat,
986 2879 1104 2945 quanto
1117 2870 1220 2930 minus

171 2955 214 3014 ah
223 2953 413 3014 inventionis
428 2951 565 3010 novitate
579 2963 609 3010 et
622 2949 739 3029 ingenii
753 2950 855 3008 nativa
870 2956 1049 3032 praestantia
1063 2977 1220 3018 commen·

171 3044 312 3106 dabatur.
327 3040 396 3101 Vid.
415 3040 538 3099 Patron.
560 3039 657 3121 Satyr.
678 3059 744 3120 cap.
765 3041 829 3099 118.
846 3042 955 3121 ltaque
971 3043 1062 3102 etiam
1079 3048 1219 3108 animad-

171 3134 318 3194 vertimus
336 3151 372 3190 ea
390 3141 478 3190 aetate
497 3127 648 3210 majorem
669 3128 755 3187 istius
775 3142 901 3188 ornatus
922 3131 1099 3211 proferendi
1121 3149 1151 3195 et
1168 3154 1219 3197 va·

171 3221 287 3295 aiendi,
300 3221 355 3302 qni
367 3221 401 3280 in
413 3217 485 3280 solis
498 3217 723 3299 propemodum
736 3217 834 3277 verbis
846 3233 925 3295 erat,
937 3241 1032 3300 quarn
1044 3231 1219 3306 argumenti

171 3315 243 3373 scite
259 3307 413 3390 deligendi
431 3321 460 3369 et
478 3319 558 3367 recte
575 3307 728 3367 tractandi
747 3328 854 3368 curam
873 3311 1026 3370 exstitisse.
1046 3313 1155 3375 Omnis
1174 3319 1219 3379 vis

173 3403 305 3484 poetica,
323 3419 418 3481 quam
434 3409 507 3456 ante
521 3394 580 3454 hac
592 3396 708 3476 ingenii
723 3396 910 3472 admirabilis
923 3399 1065 3479 quaedam
1077 3417 1219 3466 venustas

174 3507 264 3573 atque
278 3490 443 3570 elegantia,
456 3487 747 3567 imaginationisque
759 3486 932 3548 felicissima
942 3489 1064 3550 ubertas
1075 3505 1105 3551 ct
1116 3493 1220 3556 divina

175 3579 308 3640 efficacia
331 3577 519 3651 declarabat,
543 3591 611 3636 tum
632 3578 762 3636 maxime
782 3578 930 3638 doctrinae
951 3593 981 3638 et
1001 3583 1074 3641 artis
1096 3598 1220 3648 vetustae

175 3666 377 3727 ostentatione
393 3663 529 3748 quadam
545 3664 736 3724 cernebatur.
754 3664 800 3725 Cf.
817 3667 946 3744 Quintil.
963 3669 1005 3744 X,
1026 3690 1049 3729 1.
1067 3672 1161 3755 Cujus
1177 3678 1221 3737 rei

176 3754 254 3815 illud
269 3755 361 3814 etiam
377 3755 575 3815 manilestum
589 3754 741 3836 judicium
757 3770 817 3830 cst,
839 3757 923 3838 quod
940 3763 1115 3820 carminum
1131 3783 1220 3848 argu-

177 3855 295 3915 menta,
306 3843 339 3900 in
349 3843 458 3922 quibus
468 3844 587 3926 poetica
597 3854 661 3902 arte
673 3843 857 3904 exornandis
870 3844 1076 3922 elaborarent,
1091 3855 1222 3915 maxime

176 3951 212 3992 ex
224 3927 351 3988 historia
362 3931 499 3988 llomana
512 3929 696 4011 repetebant.
706 3932 811 4012 Neque
822 3934 905 3992 enirn
918 3934 1055 4014 profecto
1068 3938 1222 4020 intelligo,

177 4017 253 4103 quid
272 4017 328 4078 sihi
347 4016 455 4091 velint,
474 4021 527 4099 qui
546 4017 708 4080 historiam
728 4019 942 4096 domesticam,
963 4025 1002 4084 ab
1020 4025 1087 4084 aliis
1103 4027 1221 4085 dudum

175 4111 330 4190 eleganter
350 4119 381 4165 et
402 4108 558 4188 perspicue
581 4101 753 4182 narratam,
777 4108 879 4172 denuo
899 4113 1035 4172 carmine
1058 4125 1218 4184 recenant,
