2930 4644
264 407 326 484 lia
591 401 970 472 COMMENTATIO

262 566 331 605 rum
343 544 409 606 aliis
417 546 467 628 (r).
480 547 592 607 Statius
603 548 727 608 acrioris
737 547 852 627 ingenii
863 558 892 606 et
904 547 942 608 ad
956 544 1192 626 excogitandum
1206 563 1332 627 mom·

260 635 345 694 tioris
359 637 465 716 utique
477 637 611 713 videtur,
624 635 674 697 sed
689 637 777 696 Silius
793 649 939 718 perpetuo
954 635 1133 716 languidus,
1146 635 1318 716 Virgiliani

259 724 406 802 poematis
421 725 614 806 compilator,
634 740 664 786 et
680 724 773 808 plane
791 725 830 784 ad
851 725 983 784 aliorum
1003 725 1206 784 imitationem
1222 743 1316 783 com·-

259 811 375 893 positus
385 815 434 892 (a)
454 813 555 896 Stylus
575 813 638 896 ejus
658 813 734 874 adeo
753 814 900 874 verbosus
919 825 977 889 est,
996 827 1045 888 ut,
1065 813 1089 872 si
1107 811 1261 895 superflua
1280 825 1315 870 et

259 898 356 958 otiosa
373 901 503 977 recidas,
525 903 575 963 vix
595 903 683 961 tertia
704 902 802 984 operis
824 923 894 984 pars
910 915 1016 962 restet:
1041 901 1139 960 multa
1159 911 1232 959 sunt
1253 896 1315 958 bu-

259 988 343 1049 milia
360 1011 394 1050 ac
410 991 563 1074 depressa,
581 993 725 1075 pleraque
741 1013 812 1052 vero
830 992 920 1051 nimis
936 991 1057 1072 turgida
1073 1005 1103 1050 et
1116 991 1203 1050 elata.
1219 990 1313 1049 Maro

257 1077 347 1138 illum
363 1093 451 1141 tanto
468 1082 631 1142 intervallo
649 1097 717 1164 post
737 1103 767 1142 se
787 1080 923 1164 reliquit,
944 1095 979 1140 ut
995 1082 1145 1162 ineptiant
1160 1080 1312 1150 maxime,

258 1169 313 1249 qni
324 1189 377 1228 eos
392 1170 470 1231 inter
483 1191 514 1230 se
528 1183 727 1254 componant
742 1170 786 1229 Ne
802 1183 897 1251 poetae
911 1169 1036 1249 quidem
1053 1169 1180 1226 nomine
1196 1164 1312 1246 dignus

257 1257 392 1334 videtur,
413 1281 510 1342 quum
532 1281 631 1340 neque
651 1273 870 1340 argumentum
891 1259 977 1341 epico
999 1255 1129 1316 carmini
1149 1267 1311 1314 consenta-

258 1367 352 1407 neum
369 1347 505 1430 elegerit,
522 1370 622 1430 neque
639 1347 761 1408 heroico
778 1348 887 1429 spiritu
901 1359 931 1406 et
946 1346 1055 1406 limato
1072 1344 1119 1404 vel
1132 1343 1245 1426 judicio
1261 1342 1311 1401 vel

258 1435 376 1495 dicendi
393 1457 518 1517 genere,
536 1437 587 1498 sed
604 1437 720 1518 ingenii
736 1436 873 1509 luxurie,
893 1435 1038 1497 inanibus
1059 1432 1185 1513 argutiis
1204 1452 1239 1490 ae
1260 1444 1310 1490 tu·

257 1542 344 1585 more
359 1527 541 1610 conspicuus
563 1527 611 1587 sit.
632 1525 747 1586 Multas
768 1525 906 1585 narravit
923 1543 985 1599 res,
1010 1547 1027 1583 a
1051 1521 1176 1582 diversis
1196 1534 1309 1601 gestas,

257 1635 326 1695 quae
346 1636 446 1695 neque
468 1617 629 1678 communi
647 1615 772 1674 vinculo
788 1615 1006 1687 continentur,
1029 1632 1129 1694 neque
1149 1610 1187 1670 ad
1208 1631 1310 1670 unum

257 1720 492 1785 argumentum,
518 1721 552 1766 ut
578 1707 611 1768 in
637 1706 774 1765 Homero
800 1705 839 1764 ad
867 1703 1073 1786 placationem
1098 1700 1311 1780 ultionemque

257 1794 326 1853 irati
343 1793 466 1856 Achillis
479 1799 585 1856 omnia
600 1809 744 1878 spectant.
760 1793 853 1853 Nulla
867 1795 970 1875 itaque
984 1793 1025 1853 rei
1040 1804 1130 1872 gestae
1144 1790 1246 1849 unitas
1262 1789 1308 1848 vel

257 1886 393 1954 σύστασις,
415 1896 448 1943 ut
465 1883 630 1944 Aristotelis
647 1884 744 1944 verbis
760 1881 894 1962 utar(3),
908 1883 1007 1960 ἔχουσα
1019 1887 1102 1961 ἀρχην
1118 1883 1162 1938 καὶ
1174 1883 1252 1958 μέσον
1266 1881 1310 1935 mi

257 1973 392 2045 πλωτὴν,
415 1971 519 2030 nullus
540 1970 655 2044 herois,
679 1971 733 2052 qui
753 1983 893 2038 ornetur,
915 1968 1048 2029 delectus
1067 1967 1229 2049 reperitur,
1254 1985 1308 2024 nec

257 2067 353 2138 potest
375 2071 592 2138 argumentum
616 2058 760 2118 carminis
784 2078 847 2116 uno
866 2053 1083 2139 comprehendi
1104 2052 1203 2113 titulo.
1226 2049 1309 2111 Nihil

257 2145 389 2226 ineptius
409 2147 630 2229 absurdiusque
651 2145 728 2228 fingi
749 2159 860 2229 potest,
885 2167 980 2228 quarn
1002 2144 1160 2204 historiam
1181 2165 1200 2203 a
1220 2154 1308 2224 poeta

257 2235 416 2314 componi,
433 2249 464 2296 et
479 2237 574 2298 acutis
589 2234 845 2296 Scholasticorum
861 2234 1032 2307 sententiis,
1049 2253 1129 2294 vana
1145 2246 1175 2292 et
1188 2231 1309 2291 umbra·

256 2321 303 2381 tili
317 2323 486 2386 eruditione
500 2325 547 2386 vel
561 2325 743 2401 subtilitate,
758 2325 910 2408 perpetuis
924 2321 1212 2396 declamationibus,
1224 2319 1310 2380 fabu-

258 2408 310 2482 lis,
337 2414 494 2496 episodiis,
524 2415 823 2499 comparationibus,
852 2413 980 2494 aliisque
1011 2413 1134 2494 poeticae
1160 2409 1308 2469 orationis

258 2501 389 2564 flosculis
405 2507 554 2567 exornari.
572 2507 643 2566 Haec
659 2505 704 2564 illi
721 2503 896 2586 disputant,
913 2515 942 2563 et
958 2501 1034 2577 alia,
1055 2521 1140 2584 quae,
1159 2500 1309 2581 quoniam

258 2589 296 2650 ad
315 2590 400 2652 litem
415 2593 622 2655 dirimendam
643 2613 859 2672 summamque
880 2592 922 2652 rei
941 2587 1254 2674 parumproficiunt,
1272 2589 1307 2648 si-

258 2678 351 2740 lentio
368 2702 452 2744 nunc
468 2683 667 2767 praetermitto
679 2678 729 2762 (4).

298 2769 353 2829 Sed
369 2791 515 2852 quorsum
529 2769 595 2831 lraec
608 2769 741 2830 moneo?
754 2781 789 2828 ut
806 2768 918 2830 scilicet
934 2767 1137 2848 intelligatur,
1150 2767 1188 2826 de
1202 2765 1307 2825 Siliani

257 2863 402 2922 carminis
418 2877 527 2923 natura
542 2877 571 2923 et
585 2862 746 2943 dignitate,
761 2861 786 2920 si
800 2862 832 2921 in
847 2860 1025 2919 universum
1038 2871 1176 2931 tautum,
1193 2878 1248 2920 nec
1262 2877 1306 2916 ra·

259 2951 346 3009 tione
360 2951 496 3026 consilii,
508 2951 592 3031 quod
610 2965 699 3034 poeta
714 2964 833 3011 secutus
850 2951 903 3024 sit,
919 2947 1039 3024 habita,
1055 2969 1102 3008 res
1118 2949 1151 3008 iu
1166 2947 1307 3027 quaestio-
1369 2953 1371 2956 ’

260 3057 332 3096 nem
350 3051 490 3114 vocetur,
512 3041 545 3098 in
563 3051 728 3121 utramque
751 3050 869 3121 partem
891 3036 1092 3118 probabiliter
1110 3033 1231 3109 disseri,
1252 3055 1308 3094 nec

258 3125 429 3204 quidquam
447 3127 607 3208 praedicari
619 3151 706 3211 posse
720 3126 886 3211 ejusmodi,
903 3125 988 3209 quod
1003 3145 1084 3201 non,
1100 3123 1224 3206 paribus
1236 3145 1307 3206 pro-

260 3215 428 3296 pemodum
446 3221 651 3300 argumentis,
670 3218 802 3280 convelli
820 3231 913 3298 atque
931 3215 1074 3297 redargui
1093 3228 1195 3294 queat.
1209 3213 1306 3274 Multa

259 3325 383 3381 eorum,
396 3327 465 3386 qnae
478 3310 536 3368 viri
549 3309 631 3368 docti
645 3321 740 3391 poetae
754 3307 800 3368 vel
813 3306 899 3367 laudi
913 3304 960 3365 vel
972 3306 1048 3365 vitio
1060 3303 1134 3363 dare
1145 3323 1181 3362 ac
1192 3315 1308 3363 vertere

260 3389 374 3468 solent,
388 3415 460 3454 vera
474 3415 551 3466 esse,
566 3415 658 3456 nemo
672 3393 759 3454 facile
771 3392 963 3454 infitiabitur.
979 3391 1035 3452 Sed
1048 3411 1114 3452 non
1125 3391 1230 3450 minus
1245 3411 1307 3461 ma·

260 3477 404 3562 nifestum
426 3495 484 3558 est,
505 3483 545 3542 ab
565 3495 695 3564 utraque
716 3496 802 3564 parte
821 3503 902 3558 rem,
925 3501 994 3560 quae
1013 3482 1046 3538 in
1065 3479 1307 3540 controversiam

259 3581 403 3645 vocatur,
424 3571 523 3630 verbis
545 3571 738 3650 exaggerari,
759 3584 919 3652 totamque
937 3569 1177 3651 disputationem
1197 3587 1306 3648 vagam

295 3790 557 3864 (illiid.Vossiusin
568 3793 629 3845 loco
639 3793 759 3848 laudato.
842 3797 882 3868 (4)
894 3795 954 3848 Vid.
967 3793 1062 3866 Scalig.
1081 3795 1153 3844 Poet.
1168 3792 1216 3853 Vl,
1233 3791 1263 3855 6,
1281 3807 1306 3859 p.

297 3871 336 3940 (11)
347 3872 407 3921 llaec
417 3873 567 3924 suntvcrba
576 3873 762 3946 Vulpiiinlllu·
807 3897 842 3928 m.
855 3877 921 3944 8413
935 3873 1023 3927 Barth.
1037 3871 1104 3925 adv.
1114 3873 1185 3934 Vlll,
1198 3871 1228 3934 3,
1241 3883 1305 3921 extr.

261 3950 296 4000 tis
310 3949 343 3999 ad
356 3949 451 4001 Catull.
462 3971 489 4019 p.
507 3954 569 4016 113,
583 3973 640 4022 quas
650 3957 704 4024 jam
717 3973 763 4007 er·
808 3956 842 4020 X,
855 3955 897 4022 24,
907 3974 947 4025 pr.
959 3954 1032 4018 lllll,
1043 3969 1069 4022 7,
1079 3971 1105 4023 p.
1117 3949 1309 4021 7233Xlllllll,

262 4029 344 4079 citata
363 4031 478 4097 reperies
496 4033 522 4080 in
537 4031 642 4084 Fabric.
663 4035 763 4086 Biblio·
809 4035 839 4097 3,
855 4033 879 4097 4.
893 4033 977 4084 Essat's
988 4033 1019 4082 de
1030 4032 1138 4102 critique
1148 4047 1192 4080 sur
1202 4027 1228 4079 la
1242 4025 1308 4080 litte<-

265 4105 341 4158 theca
356 4105 450 4166 latina,
464 4105 525 4158 loco
540 4111 631 4161 citato.
810 4121 897 4162 renue
915 4112 1041 4161 ancienne
1061 4121 1087 4160 et
1106 4109 1243 4172 moderna,
1261 4123 1308 4177 pur

299 4183 338 4253 (3)
352 4187 422 4236 Post.
434 4202 457 4235 c.
472 4201 497 4254 7.
507 4185 538 4240 T.
551 4191 588 4255 ll,
599 4208 626 4260 p.
637 4209 673 4241 m.
687 4191 747 4259 796.
810 4191 849 4240 Μ.
867 4188 991 4241 Clemens.
1004 4189 1035 4241 T.
1049 4189 1073 4253 l,
1089 4205 1111 4239 e.
1130 4204 1150 4237 1.
